2013 2703
578 144 669 187 274
749 124 1051 176 somioiv.
1087 124 1157 170 ιΝ
1197 124 1449 171 DIVERSA
1489 126 1668 171 TEMP.

570 250 824 306 superioraque
872 244 994 286 versus
1030 243 1198 285 secedere
1239 245 1364 285 nitens
1394 258 1415 285 a
1449 247 1522 288 sale
1558 248 1762 302 impeditus
1791 260 1857 290 σι’

572 317 705 356 vitares
735 311 887 360 effecit,
940 320 1036 362 quae
1068 307 1172 348 effici
1214 309 1313 350 haud
1356 320 1554 362 potuerunt
1602 314 1649 353 ab
1683 315 1772 353 a'e‘ie
1805 322 1856 353 ex

567 376 744 432 superiori
774 385 882 430 parte
914 383 952 414 et
985 371 1163 413 lateribus
1194 373 1379 414 inclinatis
1413 374 1527 416 libere
1559 376 1793 418 ascendente.

950 500 1505 546 EXPERIM.II.

687 603 723 653 5.
763 607 802 645 8.
834 597 882 641 In
913 598 1102 652 temperie
1133 610 1247 652 aquae
1287 605 1356 648 84.
1388 611 1445 652 gr.
1485 597 1646 640 Tlierm.
1682 597 1726 640 F.
1761 600 1860 643 eius«

567 668 661 710 dem
691 665 902 717 quantitatis
941 664 981 703 in
1022 663 1163 703 eodem
1206 663 1289 702 vase
1322 664 1463 704 cubum
1496 663 1655 704 alterum
1677 696 1687 716 ,
1726 665 1857 706 simili-

566 741 627 772 ter
659 734 699 773 in
733 738 891 784 argento
925 729 1015 768 viuo
1047 727 1092 767 ad
1127 726 1359 780 temperiem
1398 733 1469 776 84.
1500 728 1602 780 grad.
1646 729 1858 780 redae'mm,

567 796 799 837 examinaui.
864 791 1048 834 Similiter
1077 802 1219 844 nempe
1255 788 1417 843 suspendi
1449 791 1626 831 eubulum
1660 803 1710 832 ex
1737 793 1860 832 bilan-

569 872 612 901 ce
647 869 688 900 et
719 870 839 914 aquae
872 854 1015 897 immisi
1051 887 1062 907 ,
1112 863 1248 895 notato
1279 864 1453 907 tempore
1491 885 1501 905 ‚
1546 863 1583 893 et
1619 860 1702 903 93}
1735 856 1860 909 granis

567 923 661 966 lanei
682 954 694 976 ‚
728 934 780 964 ex
814 933 886 975 qua
917 917 1073 960 eubulus
1102 917 1294 972 pendebat
1328 928 1437 957 antea
1474 917 1659 970 impositis
1695 951 1706 970 ‚
1756 917 1858 972 quod

568 988 863 1029 decrementum
897 995 948 1024 ex
979 982 1162 1036 grauitate
1191 979 1363 1034 specifica
1397 981 1477 1033 pati
1510 981 1641 1021 debuit
1674 983 1711 1020 in
1743 994 1859 1036 aqua,

567 1050 674 1092 alteri
705 1061 800 1089 vero
834 1046 930 1087 lanei
969 1049 1080 1094 195}
1111 1044 1250 1097 granis.
1317 1044 1461 1084 Addidi
1491 1044 1581 1086 dein
1608 1043 1752 1097 pondus
1786 1050 1858 1094 17;

567 1124 769 1170 granorum
802 1115 889 1161 93}
917 1110 1041 1163 guinis
1056 1107 1156 1148 lanei
1178 1138 1188 1158 ‚
1208 1119 1260 1147 ex
1276 1119 1349 1161 qua
1366 1107 1518 1148 eubulus
1547 1108 1732 1161 pendebit
1753 1142 1762 1160 ‚
1782 1110 1858 1150 im-

567 1177 702 1234 positis
722 1209 732 1229 ,
764 1184 872 1229 atque
904 1171 1170 1227 aequilibrium
1189 1171 1274 1225 post
1293 1181 1316 1218 3
1333 1176 1347 1218 ξ
1365 1173 1458 1212 min.
1464 1185 1522 1225 pr.
1543 1171 1752 1212 restitutum
1773 1172 1826 1214 est
1845 1187 1857 1212 ι

566 1241 694 1283 addidi
729 1237 845 1280 rursus
881 1249 938 1275 20
971 1246 1088 1288 grana
1121 1244 1162 1274 et
1193 1235 1243 1274 ita
1262 1236 1490 1276 continuaui.
1554 1235 1855 1277 Deci-emensum

567 1304 746 1361 ponderis
775 1301 899 1342 eubuli
934 1297 1135 1339 interuallo
1169 1300 1226 1336 26
1262 1298 1355 1337 min.
1391 1312 1450 1351 pr.
1487 1299 1552 1338 suit
1601 1304 1712 1349 1743
1751 1312 1852 1351 gran.

568 1369 753 1410 residuum
774 1398 784 1417 ,
819 1377 910 1405 cum
946 1361 1198 1416 ponderatum
1222 1359 1288 1399 fuit
1307 1391 1317 1408 ,
1356 1372 1403 1397 21
1430 1373 1647 1413 granorum.
1691 1361 1858 1400 Cubulns

569 1433 683 1476 rursus
717 1430 844 1472 abibat
875 1429 913 1468 in
946 1424 1184 1479 pyramidem
1221 1431 1430 1462 truncatam
1466 1422 1667 1475 supeziicici
1705 1435 1852 1476 practer

571 1497 670 1540 basin
705 1494 824 1536 laeuis.
857 1489 987 1541 Baiis,
1021 1497 1063 1529 vt
1096 1487 1133 1527 in
1169 1486 1298 1539 primo
1319 1487 1587 1539 experimento
1608 1518 1616 1535 ,
1636 1487 1854 1526 cauitatibus

569 1559 773 1613 inaequalis
812 1567 850 1597 ct
890 1553 1055 1609 pyramis
1097 1551 1250 1590 tandem
1291 1547 1471 1589 deformis
1503 1549 1643 1588 reddita
1675 1549 1739 1589 est.
1807 1549 1853 1589 Iri

567 1623 735 1680 sequenti
771 1620 894 1661 tabula
926 1617 1009 1658 sisto
1027 1615 1191 1670 pondera
1225 1612 1342 1661 lanei,
1377 1625 1428 1653 ex
1448 1626 1518 1666 qua
1536 1613 1687 1652 eubulus
1706 1613 1854 1665 pende-

571 1691 652 1740 bat,
685 1685 860 1740 imposita
881 1716 891 1734 ‚
924 1691 965 1724 et
983 1690 1134 1734 tempus
1154 1711 1164 1730 ,
1183 1689 1259 1731 quo
1279 1678 1533 1730 aequilibrium
1552 1676 1659 1718 distis
1676 1677 1856 1731 ponderi·

573 1755 636 1796 bus
670 1751 882 1793 restitutum

574 1850 743 1905 pondera
923 1853 1074 1899 tempus
1221 1843 1233 1925 Ι
1243 1839 1410 1894 pondera
1700 1845 1854 1891 tempu·

580 1927 597 1952 1
610 1927 626 1953 1
641 1927 658 1952 1
698 1923 810 1966 grana
847 1911 932 1965 post
968 1916 1022 1960 :3¹3
1058 1921 1111 1949 m.
1145 1919 1200 1961 pr.
1247 1919 1262 1943 1
1275 1916 1323 1953 71
1369 1914 1480 1958 grana
1511 1916 1513 1919 ’
1576 1925 1593 1933 -
1655 1923 1674 1932 -
1744 1914 1761 1939 1
1775 1906 1818 1951 εξ

583 1991 598 2016 1
610 1988 633 2025 3
646 1990 663 2015 1
734 1998 752 2007 -
814 1994 833 2006 -
892 1999 910 2010 -
974 1980 997 2015 8
1245 1985 1259 2008 1
1273 1977 1293 2010 8
1303 1983 1320 2007 1
1420 1992 1436 1999 -
1499 1988 1516 1998 -
1579 1986 1596 1996 -
1659 1989 1672 1997 ·
1743 1977 1764 2002 2
1775 1978 1798 2003 2

578 2054 591 2082 1
605 2052 624 2090 5
639 2053 658 2080 1
727 2063 748 2069 —
812 2065 827 2071 -
891 2063 910 2093 5·
940 2048 958 2075 1
971 2046 994 2083 3
1247 2046 1264 2072 1
1278 2040 1333 2087 89
1413 2052 1436 2067 -
1498 2055 1517 2064 -
1582 2051 1599 2063 -
1658 2055 1675 2062 -
1744 2030 1799 2066 26

1735 2149 1769 2198 §-
1802 2166 1847 2205 9.
