2013 2703
556 133 614 176 68
772 131 872 176 DE
931 125 1625 176 CONSTRVC'TIONE

551 272 588 304 et
623 262 720 303 linea
756 259 792 302 C
811 261 853 302 D
885 272 966 302 tam
999 260 1045 300 ad
1080 270 1195 299 axem
1228 254 1303 300 cC
1334 270 1446 313 quam
1480 259 1527 300 ad
1563 257 1710 299 restam
1753 255 1854 301 DF

550 337 743 376 normazis.
811 331 873 373 Sic
907 343 999 371 cum
1034 329 1077 371 fit
1110 326 1146 369 C
1164 328 1208 371 D
1229 342 1282 369 z
1301 341 1323 371 c
1342 361 1353 380 ,
1389 329 1459 369 erit
1487 328 1529 370 D
1547 322 1747 388 0:175]
1778 330 1855 371 sic·

550 410 623 451 que
657 395 842 450 punCtum
876 410 896 437 c
928 398 968 435 in
1001 395 1119 447 plano
1149 394 1228 435 alae
1245 393 1430 447 reperitur
1451 421 1462 435 ‚
1501 394 1538 432 in
1572 407 1646 446 quo
1671 407 1749 435 axis
1774 395 1850 436 hoc

548 468 709 515 pianum
761 461 903 500 traiicit
996 459 1114 514 Quod
1159 458 1191 502 fi
1239 457 1316 498 iam
1349 466 1510 496 vocetur
1539 455 1583 497 D
1604 457 1639 496 T
1660 470 1710 496 τ’..
1731 465 1746 497 t
1768 490 1779 509 ,
1812 467 1851 498 et

548 532 631 565 tota
666 523 839 564 ordinata
884 523 927 564 M
948 522 977 563 Ρ
998 526 1042 563 Μ
1065 535 1116 561 z·
1136 534 1164 562 v
1184 554 1194 573 ,
1226 521 1354 576 posito
1384 534 1412 562 v
1442 533 1515 574 pro
1533 534 1568 572 y
1593 553 1603 573 ‚
1651 530 1722 560 erit
1758 533 1850 560 mo-

547 597 728 630 mentum
767 591 821 628 vis
851 588 958 627 venti
989 586 1028 625 in
1061 585 1143 625 alae
1186 595 1339 638 partem
1386 585 1433 627 M
1456 584 1558 626 EM
1609 583 1853 638 impingentis

547 652 596 693 ad
629 662 782 692 morum
817 651 896 692 alae
929 650 1166 704 gvratorium
1201 650 1483 690 accelerandum

548 718 874 777 :svtdt(ecos
891 716 1099 773 &summ—e
1114 716 1456 772 fin.61i11.ncos.<1)
1470 745 1491 749 -
1510 710 1554 780 'js—²
1571 716 1854 777 cos.<D)²cos.<D

821 798 839 816 u

550 802 655 857 quod
706 814 775 855 per
805 823 853 860 7-
895 800 1193 854 multiplicatum
1239 801 1347 841 dabit
1386 811 1635 842 momentum
1678 802 1852 841 actionis.

549 863 797 908 Manifestum
840 878 967 906 autem
1010 864 1064 905 est
1107 864 1185 906 hoc
1222 864 1401 918 integrale
1435 866 1485 906 ita
1525 867 1610 918 capi
1643 875 1856 920 oportere,

550 938 596 970 vt
629 929 669 970 1d
700 941 899 971 euanescat
934 929 1060 983 posito
1093 934 1110 968 t
1130 942 1183 968 z
1205 926 1247 969 D
1266 928 1334 981 E,
1369 942 1446 983 quo
1484 929 1585 969 facto
1629 929 1654 969 si
1696 939 1856 982 ponitur

549 991 742 1036 tan
778 994 948 1048 prodibit
982 1004 1228 1033 momentum
1265 1005 1318 1032 ex
1351 1002 1430 1031 tota
1463 993 1524 1031 ala
1565 1002 1711 1031 ortum.
1789 992 1857 1030 In-

549 1058 716 1111 tegratio
749 1068 881 1098 autern
913 1058 1057 1109 pendet
1089 1069 1110 1095 a
1141 1067 1270 1094 natura
1304 1053 1448 1107 figur-ie
1477 1055 1557 1094 alae
1579 1087 1590 1106 ,
1623 1067 1694 1108 qua
1721 1053 1858 1095 defini-

551 1128 644 1172 tur,
683 1119 801 1173 qualis
855 1119 1004 1159 functio
1052 1130 1080 1159 v
1122 1117 1165 1158 sit
1209 1116 1324 1170 ipfius
1357 1123 1408 1170 t,
1448 1118 1568 1172 ficque
1610 1130 1682 1172 pro
1727 1120 1861 1172 quouis

550 1185 634 1226 calu
668 1192 750 1224 tam
787 1192 1033 1224 momentum
1053 1181 1266 1236 potentiale
1285 1182 1465 1235 reperitur
1484 1214 1496 1233 ,
1527 1195 1640 1235 quam
1677 1195 1854 1222 momen·

552 1264 638 1297 tum
671 1254 858 1306 aetionis,
893 1256 995 1308 quod
1028 1253 1225 1294 habebitur
1257 1253 1282 1293 fi
1322 1254 1411 1294 illud
1446 1266 1513 1306 per
1543 1248 1587 1312 ἦ
1625 1256 1858 1310 multiplice-

553 1327 615 1360 tur
699 1315 886 1358 Ceterum
917 1318 977 1358 hic
1013 1318 1225 1357 notandum
1257 1316 1311 1357 est
1339 1328 1478 1356 omnes
1512 1317 1730 1368 quantitates
1762 1332 1859 1371 qnae

551 1383 592 1425 in
627 1383 721 1422 hanc
754 1381 960 1423 formulam
995 1380 1282 1434 ingrediuntur,
1317 1389 1462 1434 praeter
1485 1379 1589 1418 binas
1616 1385 1633 1419 t
1663 1389 1701 1419 et
1734 1392 1762 1420 v
1785 1382 1858 1422 effe

552 1446 767 1489 constantes
785 1479 798 1499 ,
835 1455 876 1488 et
914 1447 954 1487 in
987 1447 1243 1500 integratione
1276 1456 1348 1498 pro
1380 1444 1512 1484 talibus
1543 1443 1672 1484 haberi
1704 1443 1858 1486 debere,

554 1508 766 1569 (ζει.

957 1573 1356 1618 coROLL.
1436 1589 1474 1614 1.

719 1682 791 1722 30.
835 1672 937 1728 Quia
981 1673 1076 1714 linea
1120 1671 1247 1724 CD,
1288 1684 1402 1724 quam
1440 1669 1629 1723 posuimus
1660 1683 1784 1723 zze,
1818 1677 1860 1711 et

558 1747 650 1794 quae
696 1737 911 1779 distantiam
955 1738 1035 1776 axis
1077 1749 1098 1776 a
1141 1737 1243 1778 reeta
1283 1734 1364 1776 DF
1407 1734 1571 1788 designat
1603 1746 1679 1774 non
1715 1736 1753 1774 in
1788 1747 1857 1774 ex-

557 1800 786 1856 preffionem
821 1802 1015 1843 momenti
1049 1802 1285 1854 ingreditur,
1322 1809 1568 1840 momentum
1590 1800 1860 1853 {emperidem

556 1864 764 1913 manebit,
809 1878 881 1918 per
918 1866 1168 1919 quodcunque
1209 1864 1332 1905 redtae
1373 1862 1441 1904 Dc
1474 1862 1520 1905 ad
1564 1861 1647 1904 DF
1681 1864 1861 1902 normalis

556 1928 746 1983 punitum
783 1931 866 1969 axis
900 1927 969 1971 cC
1005 1939 1195 1979 transeat,
1231 1928 1448 1969 dummodo
1481 1927 1544 1968 sibi
1565 1936 1719 1969 maneat
1739 1926 1862 1980 paral-

554 1990 657 2032 lelus.
725 1990 913 2045 Veiquod
949 1994 1084 2033 eodem
1104 1993 1235 2043 redit,
1270 1992 1361 2032 nihil
1396 1991 1509 2032 refert
1531 2022 1542 2043 ,
1579 2005 1646 2046 per
1666 1990 1861 2043 quodmm

557 2052 687 2098 restae
719 2053 799 2098 Dc
840 2057 1030 2110 punctum
1073 2057 1175 2097 linea
1216 2055 1258 2097 D
1279 2057 1307 2097 F
1342 2057 1524 2107 ducatur,
1554 2054 1774 2096 dummodo
1807 2051 1863 2092 fii-

558 2121 628 2164 exit
658 2120 706 2164 ad
740 2119 811 2165 Dc
840 2121 1155 2179 perpendicularis
1185 2131 1224 2162 et
1258 2122 1298 2163 in
1332 2121 1450 2178 plano
1482 2119 1559 2161 alae
1598 2119 1678 2161 sita.

1618 2177 1866 2223 COROLL.
