2013 2703
1129 177 1160 238 )(
1194 184 1252 224 68
1288 177 1318 235 )(

548 319 695 352 tantum
729 318 908 364 tempus,
940 321 1120 364 quantum
1155 311 1200 350 ad
1235 307 1511 350 obseruationes
1544 308 1627 349 istas
1659 310 1882 366 requiritur,

549 376 586 416 in
623 375 883 416 Kamtsclmka
919 375 1040 414 {edem
1078 374 1195 426 figere
1232 386 1307 413 non
1341 374 1500 414 dubitet.
1536 374 1649 430 Quod
1690 375 1755 415 nist
1797 377 1876 417 fue-

546 441 598 480 rit
621 472 632 484 ,
671 440 956 480 obseruationes
989 440 1107 478 etiam
1152 451 1202 478 cx
1244 450 1320 477 vna
1355 448 1461 491 parte
1501 437 1666 479 Londini
1690 469 1701 485 ,
1744 450 1806 480 aut
1840 442 1879 482 in

546 504 694 556 specula
727 503 999 544 Astronomica
1035 499 1276 543 Grenuicenfi
1298 533 1308 552 ,
1343 514 1393 541 ex
1423 501 1540 542 altera
1574 503 1612 541 in
1645 504 1739 543 vrbe
1773 505 1878 547 Ner-

548 567 744 621 tschinsk,
787 577 828 607 vt
868 578 960 620 pote
993 567 1218 619 agricultum
1269 577 1309 606 ct
1358 578 1399 604 re
1451 566 1623 619 pecuaria
1675 567 1878 621 pollente,

547 631 691 673 institui
725 641 938 686 poterunt3
974 633 1061 684 quia
1104 630 1198 672 haec
1231 631 1307 670 duo
1340 629 1425 670 loca
1461 632 1602 683 pariter
1637 629 1699 670 sub
1734 634 1879 673 eodem

548 693 630 736 fere
691 696 873 749 parallelo
925 696 1083 746 iacent,
1136 704 1174 734 et
1226 707 1304 734 non
1359 693 1486 733 multo
1539 692 1683 732 minori
1731 695 1881 748 spatio,

547 771 665 813 quam
700 757 969 799 Kamtlchatka
1003 769 1024 797 a
1073 756 1273 810 Petropoli
1296 789 1307 806 ,
1367 771 1388 798 a
1438 759 1474 796 le
1525 756 1687 796 inuicem
1733 758 1882 798 distant,

549 821 644 863 Imo
683 822 763 874 spes
795 822 846 858 est
883 820 1145 861 Astronomos
1179 816 1402 860 Pekinenses
1435 832 1485 857 ex
1526 817 1669 860 lesuitib
1690 816 1783 867 ‚sub
1816 832 1881 857 co-

550 882 644 923 dem
675 884 753 923 fere
786 881 1000 923 meridiano
1027 894 1117 922 cum
1146 883 1241 922 vrbe
1261 879 1506 923 Nertschinsk
1523 880 1730 920 collocatos
1751 911 1761 930 ,
1785 892 1886 934 ope-

550 958 636 986 ram
670 947 772 988 suam
806 945 895 987 huic
928 948 1015 996 rei,
1049 946 1076 986 s1
1110 946 1346 998 rogabuntur
1367 975 1381 997 ,
1412 945 1584 985 addicere
1625 955 1706 982 non
1757 944 1884 985 detre-

549 1009 718 1050 elaturos
751 1011 837 1051 effe.
906 1009 976 1050 His
1025 1009 1307 1051 difficultatibus
1334 1042 1346 1062 ,
1406 1020 1503 1062 quae
1555 1020 1633 1048 non
1666 1007 1732 1048 nist
1759 1018 1884 1049 exter-

550 1085 625 1114 nae
658 1082 698 1114 et
730 1073 981 1113 accidentales
1012 1074 1091 1114 sunt
1112 1104 1125 1124 ,
1161 1072 1375 1124 neglectis,
1406 1071 1610 1112 methodus
1644 1083 1664 1110 a
1699 1068 1762 1110 Cl.
1801 1074 1886 1112 Au·

550 1135 663 1178 &ore
696 1137 831 1177 tradita
876 1135 1070 1188 ingeniosa
1110 1134 1221 1174 valde
1261 1133 1345 1183 est,
1385 1139 1422 1170 et
1455 1143 1530 1184 pro
1559 1134 1744 1173 Parallaxi
1787 1134 1884 1174 alio-

548 1211 636 1242 rum
672 1211 822 1254 quoque
854 1198 1093 1240 planetarum
1132 1195 1358 1238 obseruanda
1389 1195 1526 1249 Vtilis,
1564 1195 1656 1239 ficut
1694 1194 1759 1238 sub
1801 1197 1889 1240 cal-

551 1275 641 1306 cem
674 1262 940 1306 dissertationis
973 1260 1194 1303 ostenditur.

1183 1344 1241 1389 11.

615 1459 956 1524 obseruatio
1009 1457 1214 1517 insoliti
1278 1456 1501 1515 luminis
1562 1455 1811 1518 australis

936 1543 1228 1623 Petropoli
1271 1541 1480 1600 habita.

637 1629 898 1695 Αυᾶοῑε
932 1631 1013 1692 Α.
1059 1630 1135 1693 Ν.
1177 1627 1481 1708 Grischow.
1527 1645 1587 1709 p.
1630 1643 1786 1704 474.

692 1795 836 1838 lumine
868 1795 1011 1837 boreali
1044 1795 1165 1837 radios
1196 1794 1420 1850 quandoque
1448 1791 1546 1834 vltra
1580 1789 1766 1830 verticem
1808 1788 1877 1831 ho·

692 1862 850 1900 rizontis
884 1860 1046 1901 austrum
1084 1858 1208 1900 versus
1243 1859 1416 1914 porrigi,
1450 1855 1574 1911 plures
1606 1854 1654 1894 de
1685 1852 1760 1893 hoc
1795 1865 1880 1894 me-

549 1930 666 1962 teoro
713 1923 997 1963 obseruationes
1045 1925 1260 1977 loquuntur.
1328 1922 1401 1962 Ast
1451 1919 1561 1960 huius
1607 1929 1629 1957 a
1685 1914 1746 1957 Cl
1782 1916 1880 1960 Gri-

534 1981 688 2037 schouio
723 1985 902 2026 observati
938 1986 1092 2026 luminis
1132 1985 1294 2026 australis
1331 1985 1402 2024 alia
1434 1984 1530 2024 ratio
1580 1981 1647 2022 est.
1714 1981 1804 2022 Hoc
1837 1980 1878 2020 in

548 2048 631 2102 ipso
666 2049 868 2090 horizonte
902 2063 969 2103 per
1018 2049 1106 2090 duas
1139 2049 1304 2103 vesperas
1355 2047 1565 2089 immotum
1618 2045 1746 2095 stetit,
1797 2042 1876 2085 fine

550 2111 627 2153 vlla
658 2112 797 2168 figurae
829 2114 1041 2155 variatione
1062 2144 1074 2166 ,
1119 2114 1275 2155 tandem
1298 2144 1310 2167 ‚
1352 2110 1537 2154 nubecula
1570 2107 1875 2212 cinstumdmfa-

1802 2178 1872 2212 tlo-
