2013 2703
590 201 680 243 470
773 183 1168 233 METHODVS
1206 182 1736 231 INVESTIGANDI

585 308 752 348 defamta
787 304 1133 358 deprehenderetur
1165 317 1271 346 error
1304 304 1401 355 30²²
1430 304 1552 358 (saepe
1590 307 1709 348 maius
1749 307 1870 350 adhuc

588 374 682 411 iuter
711 369 921 422 parallaxin
956 369 1083 410 Lunae
1113 370 1223 410 certis
1254 381 1305 409 ex
1337 368 1471 410 tabulis
1502 369 1709 411 desumtam
1742 383 1780 412 et
1808 385 1867 412 ve-

585 447 669 473 rani
705 432 779 472 effe
810 431 1008 473 discrimen
1043 432 1142 474 haud
1178 431 1322 487 dubito)
1358 445 1408 473 ex
1443 433 1684 486 praecedenti
1727 437 1871 476 ratione

584 497 802 550 colligimus
831 496 1082 538 differentiam
1120 497 1416 537 meridianorum
1460 509 1593 537 errore
1636 499 1755 551 triplo
1800 500 1874 539 cir-

586 562 681 601 citer
713 560 853 600 maiori
888 560 961 601 sine
1002 563 1059 602 ι’.
1089 557 1198 608 30²².
1237 572 1359 614 temp.
1398 560 1574 601 affectam
1597 594 1608 612 ,
1641 564 1731 615 quin
1751 563 1871 615 magis

586 637 786 666 erroneam
807 657 818 676 ,
847 637 960 677 quam
995 637 1047 665 ex
1081 625 1273 678 eclipsibus
1303 624 1503 665 satellitum
1542 623 1656 666 Iouis.

726 688 791 729 Ex
823 687 921 728 hisce
954 688 1113 729 demum
1147 688 1499 729 considerationibus
1516 687 1871 742 colligimuS,haud

586 751 854 793 infructuosum
876 751 1040 793 futurum
1061 784 1071 803 ‚
1108 765 1226 806 neque
1247 765 1380 805 parum
1409 752 1579 791 vtilitatis
1600 754 1780 806 parallaxi
1799 767 1872 794 no-

587 816 648 857 stri
668 815 829 857 satellitis
848 817 1050 857 accuratius
1070 817 1262 857 rimandae
1291 816 1362 856 effe
1389 816 1586 856 allaturum
1609 848 1619 865 ‚
1654 818 1844 857 methodo
1861 852 1870 868 ,

587 892 703 933 quam
724 881 975 935 proponimus
995 912 1005 930 ‚
1025 881 1201 921 innixum
1218 880 1538 920 Astronomorum
1560 878 1745 920 laborem.
1783 881 1873 921 Ma-

586 945 738 983 ximam
772 943 926 995 quidem
961 943 1211 985 adhibendam
1245 946 1315 983 css'e
1350 943 1589 996 prudentiam
1624 955 1675 984 ex
1717 956 1870 996 praece-

586 1007 756 1047 dentibus
775 1005 981 1045 ratiociniis
1001 1018 1079 1045 non
1100 1007 1309 1058 intelligere
1331 1021 1406 1047 non
1435 1005 1629 1060 possumus
1649 1020 1659 1059 3
1693 1019 1781 1047 cum
1803 1020 1874 1048 ve-

585 1083 629 1110 ro
664 1082 760 1109 aeuo
793 1069 922 1108 nostro
963 1068 1206 1109 obseruatoria
1257 1070 1544 1122 exquisitissimis
1590 1071 1870 1123 instrumentis,

585 1132 864 1185 horologiisque
907 1133 1020 1172 coelo
1061 1132 1231 1173 consonis
1267 1133 1505 1174 exactiffime
1553 1133 1621 1173 sint
1658 1147 1869 1187 exornata,

578 1197 646 1237 'vel
686 1198 865 1236 exornari
906 1206 1081 1250 queant,
1123 1198 1209 1250 quin
1251 1196 1343 1237 haec
1387 1199 1519 1238 omnia
1553 1200 1597 1238 ad
1632 1199 1868 1247 voluntatem

587 1261 752 1302 nostram
785 1260 898 1300 fluere
931 1260 1095 1314 possint,
1134 1261 1278 1300 nemini
1312 1261 1374 1301 vel
1407 1262 1573 1301 dubitare
1618 1262 1715 1303 licet.
1746 1256 1749 1259 ’

737 1325 953 1377 Antequam
975 1323 1220 1363 dissertationi
1244 1324 1326 1364 linic
1342 1325 1459 1365 finem
1493 1326 1692 1378 imponam
1715 1358 1725 1377 ‚
1759 1339 1871 1379 pauca

585 1388 632 1429 de
666 1388 825 1428 Vtilitate
859 1387 963 1428 huius
997 1387 1169 1427 methodi
1207 1389 1249 1427 ad
1286 1389 1489 1441 parallaxin
1522 1389 1751 1440 planetarum
1803 1392 1869 1428 de-

587 1451 792 1491 finiendam
829 1451 958 1491 afferre
992 1451 1089 1490 haud
1124 1451 1372 1491 inconsultum
1407 1451 1570 1489 videtur.
1616 1450 1870 1504 Intelligimus

587 1516 691 1555 enim
714 1515 820 1554 fiicile
839 1528 889 1554 cx
910 1515 1012 1568 supra
1031 1514 1158 1565 dictis,
1178 1515 1412 1568 planetarum
1434 1513 1642 1566 parali-axin
1664 1546 1674 1563 ,
1694 1515 1870 1554 hactenus

586 1580 711 1619 miuus
729 1578 895 1632 perse-<ste
923 1580 1115 1631 cognitam
1138 1608 1148 1628 ‚
1182 1589 1296 1631 aeque
1318 1586 1482 1616 accurate
1503 1587 1544 1615 ac
1562 1575 1727 1616 lunarem
1748 1608 1756 1624 ,
1794 1577 1869 1617 hoc

587 1643 710 1683 modo
743 1643 954 1695 uiuestigari
990 1641 1096 1695 posse
1127 1674 1137 1691 ,
1189 1641 1213 1681 si
1267 1640 1540 1680 obseruationes
1571 1639 1868 1681 occultationum

592 1706 757 1746 fixarum
792 1719 811 1746 a
848 1707 1006 1758 planetis
1040 1706 1075 1744 iu
1109 1705 1258 1744 diuersis
1291 1704 1428 1743 telluris
1468 1702 1760 1744 habitationibus
1799 1704 1870 1745 ha-

589 1771 687 1810 bitae
720 1770 962 1810 Alli-onomis
994 1770 1245 1822 suppeterent.

739 1834 830 1874 Lcui
867 1836 1016 1886 quidem
1069 1833 1274 1871 attentione
1326 1840 1458 1884 patet,
1508 1831 1780 1872 occultationes
1825 1831 1871 1872 fi-

590 1909 721 1937 xarum
744 1911 760 1938 a
784 1898 939 1949 planctis
974 1896 1097 1936 multo
1131 1896 1199 1934 csse
1229 1897 1381 1935 rariores
1403 1926 1415 1947 ,
1451 1907 1566 1947 quam
1594 1894 1743 1948 eclipses
1770 1895 1872 1935 fixa-

591 1974 675 2001 rum
713 1974 732 2000 a
768 1960 902 2012 Luna,
937 1972 984 2000 ex
1017 1960 1148 2013 quibus
1180 1971 1255 1997 uon
1288 1959 1351 1999 uisi
1393 1971 1461 1997 12.
1495 1959 1540 1998 ad
1574 1959 1764 1999 summum
1798 1960 1872 1998 cir-

592 2027 684 2065 citer
717 2025 834 2077 spaiio
868 2036 990 2064 annuo
1013 2055 1023 2072 ,
1057 2024 1151 2062 intra
1185 2025 1280 2075 quod
1316 2023 1420 2063 Luna
1461 2033 1512 2069 13
1550 2022 1712 2062 orbitam
1770 2035 1868 2062 100.

588 2090 733 2129 circiter
769 2089 886 2128 stellas
921 2092 1022 2127 nudo
1058 2086 1168 2126 oculo
1202 2085 1758 2139 conspicuas·complectentem
1788 2098 1872 2139 per-

591 2152 703 2192 currit
724 2185 734 2204 ,
769 2151 1093 2192 Aur-‘niomium
1132 2151 1259 2191 oculos
1294 2164 1371 2192 uon
1407 2149 1564 2204 fugiunt.
1597 2149 1671 2190 Sed
1705 2150 1872 2202 planctae

1768 2212 1872 2252 Mars
