2013 2703
588 117 673 168 196
728 111 807 155 DE
859 105 1038 154 MOTV
1067 97 1392 148 CORPORVM
1433 97 1807 148 COELESTIVM.

582 232 664 274 casu
695 231 835 271 eodem
869 227 991 277 redit,
1026 221 1196 264 distantia
1225 220 1390 274 corporis
1421 222 1547 264 media
1578 232 1742 278 ponatur
1760 221 1872 276 εὖ,

586 326 725 378 fiatque
770 323 876 364 Ε*
825 353 874 363 ...-
892 288 1025 401 Ξῖ·
1016 350 1029 374 ,
1062 313 1159 359 linea
1176 318 1349 359 absidum
1367 316 1533 369 orbitae,
1559 318 1597 358 in
1628 330 1700 372 qua
1729 329 1873 371 corpus

583 427 827 476 monebitur,
861 426 931 465 erit
963 391 1116 465 mobilis
1146 433 1255 477 atque
1291 420 1435 476 fingulis
1453 421 1750 462 reuolutiouibus
1776 434 1873 464 ano·

583 490 717 533 mali-ae
745 488 921 530 conficiet
953 489 1129 541 angulum
1165 487 1515 589 ;[-(-Ι--(--Ἔ-)
1533 507 1573 514 -
1590 498 1609 524 1
1633 487 1778 539 ]360⁰

585 597 668 651 quia
714 605 785 649 pro
818 590 852 633 C
885 591 990 632 scribi
1029 602 1183 646 oportet
1223 562 1570 644 C÷EC4x¹Jnde
1602 600 1737 644 patet,
1771 590 1797 631 fi
1829 588 1874 631 sit

585 672 706 702 n:
688 690 726 710 ..,
746 659 884 698 lineam
896 656 1063 697 absidum
1084 658 1293 711 quiescere
1309 662 1486 714 progredi
1506 667 1614 706 vero,
1635 654 1659 695 s1
1677 667 1734 695 η-
1749 656 1874 705 2>0,

586 735 621 765 at
655 722 829 776 regredi,
864 720 890 760 si
923 732 978 760 n-
994 734 1016 759 2
1034 721 1115 771 <0
1149 723 1210 762 vel
1243 725 1267 764 fi
1298 725 1434 773 n<2.
1483 724 1556 764 Pro
1596 727 1705 758 motu
1745 727 1873 758 autem

586 787 668 840 ipso
696 784 945 834 definiendO,
978 796 1055 837 quo
1085 796 1222 837 corpus
1254 788 1292 826 in
1328 786 1397 825 hac
1433 786 1555 825 orbita
1583 781 1752 822 mutabili
1785 791 1875 833 pro-

587 850 724 891 feretur
744 881 754 899 ,
777 848 1029 928 &peruenitur
1061 848 1108 887 ad
1143 847 1240 889 hanc
1275 850 1572 901 aequationem

1252 908 1272 931 C
1285 907 1323 932 dr

650 916 709 974 ἄζ
720 904 830 957 Vc*
778 911 838 971 τ’ἷι
858 951 908 957 —
858 931 1633 976 Τπε-ΤΠΕ-ὊΓπ-ῑτοῆ

586 983 687 1025 cuius
720 981 897 1026 resolutio
925 993 1004 1021 non
1035 979 1089 1017 est
1124 979 1302 1020 difficilis.

746 1119 816 1158 31.
853 1104 961 1149 Hanc
992 1116 1119 1147 autem
1156 1101 1385 1149 methodum
1419 1106 1575 1150 effectus
1610 1102 1749 1148 virium
1790 1118 1872 1159 pera

586 1172 816 1215 turbantium
847 1171 1053 1213 definiendi
1085 1183 1172 1212 eum
1206 1173 1443 1224 potiffimum
1475 1175 1514 1213 in
1555 1172 1673 1212 finem
1718 1170 1876 1222 excogi-

588 1239 661 1279 taui
681 1269 691 1288 ‚
725 1246 767 1277 vt
796 1236 874 1275 eius
892 1246 1004 1287 opera
1024 1234 1319 1285 perturbationes
1337 1267 1348 1286 ,
1377 1237 1529 1288 quaein
1562 1234 1729 1275 motibus
1747 1233 1876 1285 plane-

589 1310 712 1341 tarum
748 1299 799 1339 ob
833 1309 968 1337 eorum
1002 1295 1199 1336 actionem
1234 1307 1409 1337 mutuam
1443 1298 1596 1338 euenire
1614 1295 1876 1342 obstruantur,

589 1362 833 1403 commodius
867 1359 1033 1412 indagari
1068 1367 1178 1410 atque
1212 1359 1378 1411 affigo-,tri
1409 1370 1557 1412 queant.
1625 1358 1723 1397 Hinc
1764 1358 1877 1408 igitur

588 1435 774 1480 quantum
811 1434 940 1464 motus
968 1420 1156 1461 Saturnia
1188 1420 1281 1462 Ioue
1301 1431 1368 1472 ,et
1387 1432 1514 1462 motus
1548 1420 1643 1461 louis
1676 1433 1696 1460 a
1727 1420 1765 1458 vi
1809 1417 1877 1459 Sa·-

594 1490 690 1530 turni
727 1487 994 1540 perturbetur,
1024 1484 1172 1525 meliori
1206 1497 1293 1524 cum
1327 1483 1481 1525 successu
1515 1483 1721 1536 inuestigari
1766 1490 1874 1534 pote-

590 1554 637 1593 rit
657 1585 668 1603 ,
702 1564 814 1605 quam
849 1550 927 1589 aliis
965 1547 1185 1598 methodis,
1219 1560 1311 1600 quae
1341 1548 1462 1588 adhuc
1496 1547 1664 1588 adhiberi
1698 1545 1779 1585 sunt
1820 1543 1874 1584 so-

588 1616 683 1656 litae.
751 1612 904 1654 Deinde
936 1613 961 1652 si
998 1613 1055 1651 vis
1085 1609 1186 1651 Iouis
1220 1612 1263 1651 ad
1297 1609 1494 1651 Saturnum
1516 1622 1632 1664 vsque
1665 1607 1877 1662 porrigitur,

593 1678 738 1718 nullum
772 1677 823 1717 est
858 1676 1012 1716 dubium
1034 1706 1045 1725 ,
1078 1679 1164 1727 quin
1199 1675 1244 1714 ab
1277 1686 1319 1714 ea
1350 1686 1474 1714 motus
1511 1674 1644 1714 Martis
1666 1701 1677 1719 ‚
1712 1681 1748 1711 et
1777 1670 1874 1709 Ter-

594 1754 682 1790 rae,
718 1753 759 1781 ac
792 1739 938 1780 fortasse
968 1739 1086 1778 etiam
1118 1738 1333 1778 inferiorum
1355 1737 1587 1790 planetarum
1621 1748 1697 1774 uon
1719 1731 1874 1774 nillilafi

596 1806 750 1862 ficiatur.
822 1803 997 1855 Denique
1032 1803 1150 1841 etiam
1188 1800 1420 1852 inuestigatio
1455 1801 1757 1854 inaequalitatum
1791 1808 1875 1836 mo-

595 1879 651 1908 tus
685 1867 813 1907 Lunae
844 1868 914 1907 hac
946 1865 1132 1905 methodo
1167 1876 1241 1903 nou
1276 1877 1407 1916 parum
1445 1863 1667 1917 promoueri
1703 1863 1877 1910 videtur,

594 1931 677 1984 quia
712 1941 809 1969 vires
844 1929 944 1970 Solis
975 1929 1113 1981 partim
1155 1929 1198 1966 ad
1234 1928 1313 1967 vim
1349 1928 1550 1980 regularem
1589 1959 1601 1977 ,
1651 1925 1793 1980 partim
1833 1923 1878 1963 ad

594 1994 691 2033 vires
725 1993 980 2044 perturbantes
1015 1990 1058 2031 M
1095 2000 1132 2029 et
1169 1990 1206 2031 N
1243 1995 1454 2031 commode
1474 2003 1647 2031 reuocare
1668 1989 1766 2028 licet.
1803 1984 1879 2026 Sed

595 2067 833 2107 unaquaeque
878 2055 1008 2093 liarum
1052 2054 1375 2105 {naenig-itionum
1421 2055 1514 2094 tanti
1555 2054 1607 2094 cst
1655 2048 1877 2100 momenti,

594 2129 638 2160 vt
658 2119 889 2171 peculiarem
911 2114 1174 2156 tractationem
1198 2128 1383 2157 mereatur
1464 2117 1590 2172 Quam
1613 2116 1663 2155 ob
1685 2125 1764 2153 rem
1781 2123 1878 2151 nunc

598 2181 748 2237 quidem
786 2183 824 2222 in
858 2182 933 2235 ipla
964 2180 1139 2222 methodi
1171 2181 1426 2235 explicatione
1456 2182 1661 2234 acquiesco.
