2013 2703
1134 166 1169 223 l(
1205 175 1261 211 28
1295 167 1325 223 )(

573 296 733 339 fluidum
767 297 942 338 omnium
975 296 1228 339 densiffimum
1251 331 1262 350 ‚
1296 300 1396 338 inter
1428 297 1535 340 fluida
1568 298 1738 342 craffiora
1757 301 1871 342 calori

571 360 647 403 effe
679 361 1022 403 obedientiffimum
1044 393 1054 411 ,
1088 362 1189 401 vnde
1219 371 1257 401 et
1276 364 1430 415 optimo
1454 363 1608 405 confilio
1627 364 1767 405 factum
1787 365 1838 406 est
1857 397 1869 417 ‚

570 435 617 466 vt
650 427 770 479 ipsum
803 439 875 478 pro
908 425 1159 464 construendis
1194 425 1501 467 'l'hermometris
1535 428 1703 481 eligerint
1742 441 1875 469 recen-

570 490 696 529 tiores.
730 488 858 529 Solida
878 489 954 528 iam
970 487 1031 528 stin
1048 499 1215 527 examen
1243 501 1380 530 vocare
1401 489 1464 529 fibi
1484 492 1674 543 proposuit
1693 492 1841 532 Auctor
1857 521 1868 541 ‚

568 562 679 606 atque
698 552 858 601 summa,
880 564 950 605 qua
971 551 1106 604 potuit,
1117 551 1260 597 solertia
1279 553 1562 606 experimenta,
1581 566 1672 606 quae
1690 556 1762 595 huc
1781 569 1864 608 per-

566 617 716 667 tinent,
736 617 900 656 instituit.
935 614 1029 656 Non
1062 614 1302 655 describimus
1326 616 1575 667 methodum,
1602 629 1671 670 qua
1699 619 1737 657 in
1771 619 1867 659 insti-

567 681 716 720 tuendis
736 680 842 733 ipsn,
862 680 946 719 vsus
962 679 1026 719 est.
1047 677 1092 718 ld
1111 679 1216 718 enim
1238 681 1359 731 paucis
1379 679 1459 719 fieri
1479 692 1554 719 non
1576 680 1710 733 potest>
1731 681 1868 721 melio-

566 755 723 797 remque
746 773 758 793 ,
777 755 890 795 quam
911 741 972 782 hic
991 743 1077 782 dare
1097 743 1269 782 valemus
1289 773 1299 792 ,
1332 755 1381 781 ex
1401 742 1524 794 scripti
1545 743 1653 794 ipsius
1670 744 1841 783 lec‘iione.
1856 777 1866 795 ‚

562 806 688 846 ideam
711 806 886 859 polliceri
905 805 968 846 fibi
988 806 1141 858 poffuut
1160 805 1330 845 lestores.
1351 803 1714 858 Conipirantautem
1734 808 1864 847 omnia

559 881 582 909 a
602 869 699 910 Viro
718 867 935 912 Clariffimo
967 870 1130 910 instituta
1149 879 1262 923 atque
1287 868 1470 923 descripta
1490 869 1755 923 experimenta
1776 901 1788 919 ‚
1818 871 1864 912 ad

561 934 802 987 probandum
823 966 834 986 ,
870 946 989 987 neque
1022 947 1043 974 a
1076 933 1254 974 denfitate
1277 964 1289 985 ,
1310 945 1434 987 neque
1453 947 1473 974 a
1499 933 1739 974 cohaerentia
1757 933 1865 974 abso-

556 996 630 1038 luta
649 1030 660 1050 ‚
695 1011 812 1052 neque
847 1011 867 1039 a
901 998 1038 1038 duritie
1071 1009 1279 1050 corporum
1299 1029 1311 1049 ,
1361 998 1527 1051 pendere
1560 996 1657 1038 hanc
1688 999 1865 1052 proprie-

555 1070 671 1102 tatem
692 1095 702 1113 ,
734 1075 806 1117 qua
840 1061 1012 1102 calorem
1047 1061 1110 1099 vel
1161 1061 1326 1111 maiori,
1379 1061 1441 1100 vel
1473 1062 1613 1101 minori
1662 1061 1863 1114 pertinacia

553 1127 748 1174 retinent,
783 1135 847 1166 aut
879 1125 1058 1165 auiditate
1101 1125 1285 1164 affiimuut
1306 1154 1320 1169 ,
1360 1125 1484 1175 legem
1536 1134 1661 1164 autem
1683 1156 1694 1176 ,
1743 1136 1860 1178 quam

552 1186 617 1230 hic
651 1189 812 1242 sequitur
845 1199 1003 1238 natura,
1042 1187 1196 1240 penitus
1225 1185 1343 1225 adhuc
1379 1186 1546 1237 ignotam
1598 1185 1687 1224 effe.
1753 1185 1861 1226 ludi-

553 1263 683 1305 gemus
715 1255 840 1304 itaque
874 1250 995 1290 adhuc
1030 1250 1200 1302 plurimis
1234 1249 1271 1285 in
1308 1247 1403 1286 hanc
1439 1260 1521 1286 rem
1573 1248 1744 1287 institutis
1790 1261 1860 1288 ex-

547 1316 770 1368 perimentis
790 1344 802 1363 ,
835 1323 1037 1365 antequam
1073 1311 1316 1351 sufficientem
1349 1310 1457 1350 huius
1487 1309 1747 1350 Phaenomeni
1792 1323 1857 1350 co-

548 1378 763 1431 gnitionem
802 1377 944 1430 sperare
976 1387 1162 1428 queamus.
1226 1375 1455 1430 Quanquam
1492 1383 1618 1413 autem
1656 1375 1691 1413 id
1733 1372 1856 1414 stilum

551 1443 669 1494 egerit
701 1438 935 1481 Clarissimus
967 1437 1124 1491 Collega
1145 1472 1154 1489 ‚
1191 1448 1233 1478 vt
1267 1438 1420 1477 doceret
1439 1471 1448 1488 ‚
1482 1439 1653 1490 ignorare
1689 1449 1758 1477 nos
1790 1437 1859 1477 ad-

550 1503 624 1544 huc
657 1506 845 1558 quandam
881 1516 929 1543 ex
963 1503 1171 1557 praecipuis
1190 1503 1351 1542 actionis
1370 1513 1448 1541 cao
1475 1502 1503 1540 is
1532 1502 1669 1554 legibus
1690 1517 1698 1539 2
1719 1500 1856 1540 nihilo-

551 1569 676 1608 minus
727 1568 926 1608 obstrictos
959 1567 992 1606 se
1043 1565 1111 1619 ipfi
1154 1563 1361 1606 fatebuntur
1423 1575 1570 1604 naturae
1621 1564 1850 1604 scrutatores.

550 1633 617 1673 Ab
651 1631 837 1671 erroribus
869 1632 969 1671 enim
1004 1630 1038 1669 fe
1074 1630 1166 1668 tueri
1201 1629 1473 1670 difficillimum
1505 1628 1577 1680 est,
1611 1629 1854 1682 ficognitum

547 1694 709 1735 creditur
737 1723 747 1743 ,
779 1696 880 1747 quod
915 1695 1061 1747 penitus
1094 1693 1301 1745 ignoratur.

693 1822 876 1864 Continet
909 1821 1002 1861 haec
1037 1820 1181 1862 Clariss-
1214 1821 1444 1865 Richmanni
1477 1820 1696 1862 Diflertatio
1734 1819 1848 1860 aliam

544 1887 664 1930 adhuc
694 1887 1010 1939 dililuifitionem‚
1062 1886 1107 1925 ad
1159 1885 1316 1939 scopum
1370 1886 1575 1939 scriptionis
1625 1886 1850 1924 immediate

543 1953 694 2004 quidem
729 1962 804 1989 non
839 1947 1101 2001 spectantem,
1131 1949 1182 1987 ast
1223 1950 1372 2002 dignam
1394 1982 1406 2000 ,
1455 1960 1556 1988 ciuus
1610 1948 1844 1986 mentionem

544 2027 690 2067 quoque
722 2014 946 2053 iniiciamus.
980 2010 1231 2053 Obibruarum
1266 2015 1342 2053 iam
1364 2023 1448 2051 ante
1476 2011 1578 2050 illum
1601 2010 1842 2060 physicorum

542 2078 686 2131 aliqui,
721 2089 858 2133 aquam
891 2079 930 2118 iu
962 2075 1089 2134 phiala
1121 2085 1342 2118 contentam
1364 2107 1374 2127 ‚
1409 2074 1598 2115 ebullienti
1628 2082 1742 2124 aquae
1764 2071 1842 2171 idn-

1678 2145 1840 2174 metm
