2013 2703
531 103 624 145 222
690 89 790 132 DE
821 84 1109 133 morea
1141 79 1640 129 Eme-Tmen.

528 211 683 263 corpori
728 206 910 249 excitanti
940 202 1225 244 elee‘tricitatern
1261 200 1503 250 adhaerentes
1521 204 1754 246 contrarium
1776 213 1820 260 etr

528 264 669 315 dire-<ste
703 270 928 323 oppositum
961 279 1114 309 motum
1151 267 1414 308 nanciscuntur
1446 268 1516 319 ei,
1547 281 1663 323 quem
1699 270 1815 324 parti-

528 338 631 377 culae
661 335 856 374 elec‘tricae
891 334 1073 373 materiae
1113 332 1288 386 corporis
1329 331 1547 385 recipientis
1588 333 1814 374 electricita-

528 410 606 439 tem
642 398 778 438 liabent
817 429 827 449 ,
880 406 923 436 vt
956 397 1058 437 aetio
1092 407 1232 437 mutuo
1263 394 1412 436 occursu
1447 395 1714 449 particularum
1749 397 1816 437 fiat

526 462 740 503 tellemens
774 471 814 501 et
845 459 1004 502 scintilla
1035 472 1272 514 concrepans
1303 458 1457 500 efficax.
1524 458 1635 500 Idem
1677 458 1820 500 confir-

526 538 682 581 matur,
718 526 743 567 si
775 525 930 579 lagenae
948 526 1093 565 vitreae
1115 555 1125 574 ‚
1145 524 1369 576 cylindricae
1388 556 1399 575 ,
1427 523 1723 565 tenuissimorum
1754 536 1821 578 pa-

327 603 516 640 Tanvln,
529 592 666 632 rictum
689 621 699 640 ‚
734 590 886 643 qualem
918 589 1001 644 Fig.
1041 601 1078 628 2.
1110 588 1294 637 exhibet,
1324 587 1540 628 siccissimae
1573 587 1622 628 ab
1656 587 1821 629 homine

324 685 372 722 Fi
462 700 476 711 Α
528 655 642 696 resina
677 652 838 704 suffulto,
871 654 934 694 vel
969 666 1049 693 non
1071 653 1221 692 suffulto
1241 685 1250 703 ,
1270 651 1463 694 ficciffima
1493 664 1608 693 manu
1635 651 1822 693 leuissimo

381 701 414 737 δ’
460 714 490 724 ”“
527 720 642 760 ductii
678 719 960 759 demulceantur
995 717 1108 771 quasi.
1165 717 1304 770 Virgae
1340 717 1444 756 enim
1466 716 1632 768 ferreae,
1668 716 1712 755 ad
1732 728 1822 770 qua·

523 796 610 825 rum
643 784 906 823 extremitates
941 782 1004 822 fila
1039 782 1136 822 linea
1172 782 1252 821 sunt
1282 782 1393 833 ligata
1415 810 1426 827 ,
1460 779 1601 832 lagenis
1618 791 1823 832 exceptae,

525 846 823 889 elec'trificantur
857 847 907 886 ita
928 879 938 897 ‚
968 857 1008 886 vt
1044 844 1104 886 fila
1137 845 1184 886 ab
1218 845 1260 886 iis
1293 844 1553 898 repelluntur,
1584 854 1622 884 et
1647 842 1823 884 scintillae

527 924 581 954 ex
615 911 660 952 iis
692 921 962 964 concrepantes
996 909 1204 950 eliciantur.

682 974 835 1015 Obtulit
869 974 904 1014 se
939 973 1036 1013 mihi
1072 983 1202 1013 tamen
1240 971 1537 1025 phaenomenon
1557 1004 1567 1022 ,
1599 970 1699 1024 quod
1733 982 1820 1010 mo-

527 1038 583 1079 do
615 1036 725 1078 dic'tis
756 1043 964 1089 'repugnare
998 1036 1162 1075 videtur.
1229 1034 1436 1076 Particulae
1465 1035 1607 1088 argenti
1641 1034 1719 1075 riui
1755 1034 1824 1076 fic·

528 1101 591 1152 ci,
623 1113 707 1154 per.
727 1099 838 1138 vitrei
873 1097 1095 1139 infundibuli
1127 1098 1269 1152 pariter
1299 1099 1385 1140 sicci
1420 1112 1577 1154 paruum
1614 1098 1826 1138 foraminu-

528 1165 610 1224 lum
652 1165 691 1204 in
722 1162 900 1216 lagenam
935 1163 1101 1204 vitream
1134 1162 1273 1204 siccam
1294 1165 1461 1204 tenuium
1494 1163 1677 1217 parietum
1714 1163 1826 1217 'illap-

527 1229 587 1270 sae
607 1262 619 1281 ,
651 1238 688 1269 et
723 1228 842 1267 etiam
885 1239 904 1266 a
939 1227 1055 1266 fundo
1087 1226 1149 1266 vel
1182 1226 1264 1280 ipso
1296 1236 1453 1281 argento
1479 1228 1570 1267 vitio
1597 1226 1761 1266 reflexae
1786 1226 1826 1266 in

530 1286 691 1348 parietes
724 1290 878 1343 lagenae
922 1289 1210 1342 impingentes,
1270 1292 1483 1343 producunt
1530 1289 1727 1329 collisione
1777 1288 1826 1328 ad

530 1357 676 1396 vitrum
711 1352 1003 1394 eleetricitatem
1043 1384 1054 1404 ,
1105 1365 1199 1405 quae
1244 1353 1428 1392 deriuatur
1461 1354 1498 1391 in
1532 1360 1728 1403 argentum
1764 1350 1825 1389 ri-

530 1431 628 1459 vum
664 1419 703 1458 in
737 1417 854 1457 fundo
886 1416 1038 1468 lagenae
1069 1415 1271 1456 collectum
1308 1425 1346 1454 et
1381 1416 1420 1454 in
1461 1415 1631 1468 regulam
1652 1413 1827 1462 sericam,

533 1492 692 1523 remoto
724 1480 958 1521 infundibulo
991 1491 1069 1533 ope
1109 1478 1261 1519 funiculi
1295 1479 1427 1529 serici,
1461 1479 1499 1517 iri
1530 1487 1729 1530 argentum
1762 1477 1824 1515 vi-

532 1558 631 1587 vum
668 1557 737 1599 per
771 1543 964 1584 orificium
1000 1544 1154 1598 lagenae
1187 1541 1413 1583 immerfiim:
1447 1540 1557 1581 filum
1592 1541 1700 1579 enim
1733 1539 1825 1578 line-

533 1622 601 1651 um
633 1622 684 1650 ex
718 1608 843 1662 regula
879 1607 1046 1662 pendens
1086 1607 1281 1661 repellitur
1302 1637 1314 1657 ,
1362 1605 1535 1659 metaque
1573 1604 1698 1657 regula
1734 1601 1826 1643 scin-

534 1674 637 1714 tillae
670 1682 947 1726 concrepantes
979 1672 1163 1712 oriuntur.
1228 1669 1374 1726 Quodsi
1407 1682 1503 1709 vero
1535 1679 1594 1708 res
1612 1668 1710 1708 bene
1730 1678 1823 1707 con-

532 1738 726 1786 sideretur,
763 1736 929 1790 guttulae
963 1737 1106 1789 argenti
1139 1734 1216 1774 viui
1252 1734 1505 1787 impingentes
1524 1734 1560 1772 in
1582 1734 1746 1785 parietes
1766 1730 1826 1770 vi-

534 1810 637 1841 treos
671 1802 836 1841 minime
870 1802 1094 1853 contingunt
1125 1807 1321 1852 argentum
1358 1798 1488 1838 viuum
1516 1795 1688 1837 infundo
1723 1795 1827 1848 lage-

533 1877 604 1904 nae
636 1865 840 1918 stagnans;
875 1864 965 1905 liinc
1008 1872 1215 1903 momento
1275 1861 1474 1902 collisionis
1516 1859 1721 1915 particulae
1765 1870 1827 1899 ar·

535 1928 639 1981 genti
673 1929 751 1968 viui
790 1961 801 1978 ,
829 1929 1037 1968 excitantes
1074 1926 1362 1967 elestricitatem
1387 1958 1399 1977 ,
1460 1938 1480 1967 a
1533 1923 1718 1979 particulis
1770 1934 1829 1962 ar·

537 1992 641 2045 genti
678 1991 755 2030 viui
777 2022 787 2040 ,
822 2005 912 2044 quae
947 1992 1128 2045 rccipiunt
1163 1990 1471 2041 elce'tncitatem‚
1503 1989 1687 2043 sep-,initae
1736 1987 1828 2027 sunt.

536 2054 665 2104 Simul
698 2054 916 2111 intelligitur
965 2055 1005 2100 in
1061 2055 1323 2115 atmosphaera
1364 2053 1500 2115 allapsu
1548 2064 1589 2097 et
1636 2050 1830 2096 collisione

1739 2124 1828 2171 Pas·
