2013 2703
1128 163 1162 227 l(
1202 177 1259 220 54
1293 163 1325 223 )(

684 293 820 337 Plinius
852 293 943 335 Hist.
967 294 1060 337 Nat.
1082 295 1171 336 Lib.
1191 294 1307 335 VIII.
1329 292 1429 347 Cap.
1449 292 1609 336 XLIX.
1629 295 1723 338 haec
1741 295 1870 338 habet:

566 357 635 398 Est
676 369 716 398 et
751 361 787 399 in
826 359 1004 412 Hispania
1026 392 1036 410 ,
1071 359 1130 398 sed
1165 361 1339 398 maxime
1370 356 1519 399 Corfica
1540 390 1551 410 ‚
1584 373 1661 401 non
1697 362 1871 401 maxime

563 422 731 462 abfimile
753 424 902 476 pecori,
922 434 1039 476 genus
1060 423 1307 463 Musmonum
1329 456 1339 475 ,
1358 424 1373 470 (
1393 421 1651 465 Musmonium
1671 457 1681 476 ‚
1700 435 1764 465 aut
1781 424 1875 466 Mu-

566 484 792 540 simonum)
835 487 992 539 caprino
1033 487 1154 539 villo,
1190 498 1303 540 quam
1337 486 1487 540 pecoris
1503 487 1665 540 velleri,
1701 490 1872 542 propius.

564 545 872 590 Infirmiliimum
928 551 1059 602 pecori
1108 560 1219 603 caput
1252 559 1326 589 etc.
1380 551 1480 591 Idem
1514 549 1634 590 Libro
1668 551 1872 593 XXVHL

563 609 663 665 Cap.
701 613 777 653 IX.
813 613 874 653 iub
906 612 1059 654 finem:
1093 612 1254 654 Inuenio
1271 614 1370 667 apud
1405 613 1593 654 Αυᾶοῐεε
1610 611 1778 655 Graecos
1795 616 1872 655 ani-

565 676 647 718 mal
681 689 794 716 cerno
829 677 983 728 minus,
1019 686 1057 716 et
1091 678 1171 731 pilo
1206 677 1368 718 demum
1400 677 1524 717 simile
1544 709 1554 729 ‚
1587 678 1685 727 quod
1708 678 1873 732 Ophion

564 750 737 780 vocatur.
812 739 1031 780 Sardiniam
1073 742 1112 781 id
1146 750 1292 781 tantum
1312 740 1406 781 ferre
1436 740 1596 781 solitam.
1633 739 1734 782 Idem
1767 742 1873 783 Libr.

561 805 707 847 XXX.
742 800 839 856 Cap.
876 804 972 844 XV.
1004 803 1067 844 sub
1085 804 1237 845 finem:
1280 803 1326 844 In
1345 805 1479 845 eadem
1514 805 1710 857 prouincia
1748 803 1876 860 (Sar-

563 868 664 906 dinia
694 867 706 922 )
757 867 810 907 est
843 867 1004 920 Ophion
1040 870 1157 908 ceruis
1192 878 1340 909 tantum
1375 867 1458 922 pilo
1490 866 1618 908 similis
1639 900 1650 918 ‚
1684 881 1753 909 nec
1788 869 1877 909 alibi

561 929 722 972 nascens.
790 928 970 985 Gesnerus
1002 942 1129 972 autem
1166 931 1379 984 monstrat,
1415 932 1610 973 Musimon
1630 933 1770 972 animal
1787 945 1875 972 cum

562 995 703 1049 Ophio
734 996 836 1035 idem
871 996 941 1035 este
964 1024 976 1043 ‚
1010 995 1254 1049 effigiemque
1289 994 1517 1036 Mufimonis
1550 1007 1570 1034 a
1601 995 1876 1038 Theod-Beza

563 1059 689 1099 secum
745 1059 1073 1100 communicatam
1126 1060 1289 1099 exhibet
1309 1093 1319 1110 ,
1371 1072 1463 1112 quae
1511 1072 1603 1099 cum
1659 1060 1876 1113 Rupicapra

564 1123 738 1163 cornibus
783 1123 942 1163 arietinis
973 1156 983 1174 ‚
1028 1137 1047 1163 a
1084 1135 1149 1163 rue
1181 1123 1396 1175 descripta,
1447 1123 1473 1162 si
1525 1131 1648 1162 totam
1702 1124 1877 1164 animalis

559 1187 739 1227 ‘habitum
769 1215 780 1237 ,
811 1196 874 1226 aut
908 1198 1093 1226 cornuum
1129 1185 1263 1226 faciem
1300 1194 1494 1225 externam
1521 1184 1693 1238 spectes,
1728 1195 1876 1226 tantum

563 1251 771 1300 conuenit,
808 1260 850 1289 vt
881 1249 1051 1288 dubitare
1095 1260 1173 1287 non
1209 1249 1350 1297 liccat,
1385 1249 1475 1300 quin
1510 1248 1611 1286 idem
1646 1249 1691 1288 sit
1721 1251 1874 1289 animal.

564 1315 640 1355 Hic
675 1312 830 1365 quidem
867 1310 1116 1353 Gesnerianae
1148 1310 1289 1364 effigiei
1321 1311 1489 1352 defeetus
1507 1310 1560 1351 est
1582 1342 1592 1362 ,
1627 1320 1874 1352 vtcornuum

563 1379 675 1418 situm
710 1375 809 1415 male
843 1376 1039 1428 exprimat
1059 1408 1069 1427 ‚
1105 1387 1197 1427 quac
1232 1375 1351 1427 magis
1381 1376 1427 1416 ad
1447 1375 1561 1415 latera
1584 1405 1596 1425 ,
1619 1387 1728 1427 quam
1764 1376 1802 1414 in
1823 1375 1879 1415 su-

564 1439 707 1495 periori
744 1440 875 1492 capitis
913 1449 1051 1491 parte,
1084 1450 1134 1478 cx
1170 1439 1221 1478 rei
1257 1449 1415 1491 natura,
1451 1439 1623 1478 collocari
1652 1438 1876 1481 clebuiffent.

564 1504 713 1544 Verum
750 1513 831 1542 tota
867 1502 1014 1555 effigies
1049 1504 1098 1542 ita
1148 1513 1367 1555 comparata
1411 1503 1494 1553 est,
1535 1513 1575 1540 vt
1617 1503 1661 1541 ad
1706 1514 1875 1543 naturam

563 1568 667 1608 haud
699 1566 837 1606 fficiam
872 1567 944 1607 effe
979 1566 1144 1619 suspicari
1177 1566 1294 1606 liceat.
1347 1567 1458 1607 Adde
1508 1562 1659 1619 Ccfizet'i
1702 1577 1880 1620 tempore

565 1644 662 1685 opus
713 1629 855 1683 effigies
897 1631 961 1670 vel
993 1631 1213 1671 animalium
1235 1663 1245 1682 ,
1278 1630 1344 1669 vel
1380 1632 1591 1683 plantarum
1614 1662 1624 1680 ‚
1669 1643 1689 1670 e
1741 1630 1879 1671 descri-

566 1695 758 1749 ptionibus
799 1695 1036 1744 adornandi,
1070 1695 1229 1747 ‘impune
1281 1694 1449 1733 exerceri
1502 1693 1670 1746 potuisse.
1739 1693 1872 1733 Alium

564 1772 657 1799 vcro
691 1771 753 1798 me
790 1758 911 1797 adhuc
930 1759 1052 1798 caliun
1086 1759 1252 1798 subolere
1285 1757 1382 1797 milii
1418 1757 1563 1797 videor.
1600 1755 1754 1814 Effigici
1774 1753 1876 1796 Ges-

566 1824 738 1862 nerianae
759 1831 795 1860 ct
822 1822 1080 1875 magnitudine
1099 1832 1137 1861 et
1159 1821 1287 1861 habitu
1309 1833 1395 1860 cum
1418 1821 1643 1861 animalium
1665 1819 1793 1873 figuris
1819 1831 1870 1860 cx

565 1886 782 1925 aurichalco
816 1886 918 1935 fusis,
951 1897 1045 1938 quae
1068 1888 1101 1925 in
1123 1885 1281 1924 tumulis
1298 1884 1580 1936 sepulchralibus
1598 1882 1803 1924 sai-mensis
1820 1895 1877 1923 rc-

565 1949 685 2001 gionis
717 1948 761 1986 nd
798 1947 980 1986 Icnii'eam
1017 1948 1173 1987 fluuium
1210 1957 1355 2000 reperta
1386 1947 1497 1998 sunt,
1549 1947 1698 1990 eximie
1732 1958 1875 1987 conue-

568 2016 635 2051 nit.
704 2010 769 2050 De
806 2011 861 2050 his
895 2023 988 2050 vcro
1023 2011 1247 2051 animalibus
1280 2011 1435 2051 dubium
1474 2024 1550 2050 non
1583 2012 1633 2051 est
1655 2011 1767 2063 ,quin
1788 2010 1875 2052 Ru-

566 2077 760 2128 picapnim
805 2075 979 2114 comibus
1023 2075 1183 2114 arietinis
1232 2075 1468 2127 exin-imant.
1523 2076 1586 2116 An
1638 2084 1713 2112 non
1766 2073 1874 2124 igitur

566 2138 712 2192 effigies
749 2135 974 2178 Gelnciiana
1008 2139 1052 2179 ad
1083 2138 1210 2184 ,simile
1244 2138 1394 2193 aliquod
1430 2139 1571 2180 idolum
1593 2169 1603 2189 ‚
1637 2136 1685 2177 ab
1717 2137 1876 2189 antiqni-

1799 2210 1875 2241 tato
