2013 2703
314 140 1224 191 MOLARVMALATARVM
1367 156 1449 196 ¹05

149 276 402 318 inclinationis
430 269 473 327 <D
493 307 503 326 ,
531 286 653 328 toque
671 273 835 314 celerior
857 273 1070 314 tribuendus
1088 274 1158 315 erit
1177 284 1308 317 motus
1330 284 1463 329 rotae;

148 352 262 395 atque
282 342 359 394 ipse
379 339 535 380 effe-(tus
559 338 760 379 machinae
779 351 830 379 eo
857 338 926 379 fiet
947 339 1073 379 maior
1092 352 1099 378 :
1127 341 1190 392 qui
1208 349 1339 381 tamen
1360 340 1464 381 iimi-

151 415 231 446 tem
255 417 281 443 0
302 437 314 454 ,
357 419 371 444 1
386 415 533 453 34001
559 402 627 443 Ve
646 415 842 456 nunquam
863 402 1031 457 superare
1053 402 1188 456 pottst.
1224 405 1300 444 Vni
1328 413 1460 445 notan-

150 469 244 509 dum
282 468 333 508 est
353 501 363 520 ,
398 468 424 508 si
461 477 703 508 momentum
739 467 921 507 fruitionis
953 465 1061 506 fuerit
1081 471 1113 516 3¹5
1140 466 1176 506 V
1196 467 1245 520 f,
1280 467 1462 510 effectum

148 542 299 574 tantum
344 534 417 572 effe
462 531 647 571 iemiffem
669 561 680 582 ,
722 530 774 569 sin
813 539 939 570 autem
985 540 1235 571 momentum
1277 531 1464 573 stietionis

148 595 192 638 fit
227 601 258 644 7¹3
301 597 336 635 V
348 597 404 653 s,
447 594 627 635 effectum
671 603 819 634 tanturn
873 594 954 634 fore
1005 593 1156 634 circiter
1206 596 1462 648 quadrantem

146 660 241 702 illius
272 660 411 702 stimmi
443 657 615 700 effeetus.

613 782 1028 829 SCHOLION.

263 895 337 935 72.
373 883 542 941 Quando
574 893 822 924 momentum
856 883 1040 924 sritstionis
1078 883 1133 925 est
1170 895 1256 939 pars
1281 882 1463 927 notabilis

147 951 360 1002 quantitatis
393 949 428 988 V
443 952 467 1004 j
488 981 500 1001 ,
533 949 663 988 minor
695 958 829 989 tamen
871 961 987 1003 quam
1022 947 1102 990 eius
1160 961 1246 1003 pars
1298 959 1428 1004 quarta
1448 982 1462 1003 ,

149 1021 276 1064 patet,
305 1022 489 1065 quantum
518 1010 662 1050 intersit
681 1043 692 1060 ‚
727 1012 753 1052 fi
771 1011 895 1052 frictio
914 1013 1040 1053 adhuc
1075 1012 1170 1053 vltra
1197 1013 1429 1056 diminuatur
1453 1030 1463 1056 ε

150 1073 197 1113 sic
232 1073 259 1113 si
295 1083 540 1113 momentum
575 1071 756 1112 stic'tionis
795 1073 837 1112 sit
880 1074 1030 1113 circiter
1062 1088 1146 1128 pars
1194 1076 1299 1117 sexta
1349 1078 1464 1131 ipsius

154 1136 258 1192 Vs,
293 1135 446 1177 effeetus
479 1133 682 1175 machinae
713 1136 782 1175 erit
816 1137 1111 1190 propemodum
1132 1150 1186 1176 z
1209 1140 1382 1188 ἔπνεε
1418 1150 1461 1180 at

153 1201 182 1243 fi
203 1199 327 1241 frietio
353 1212 402 1240 eo
424 1201 538 1252 vique
557 1199 791 1239 diminuatur
806 1229 817 1249 ‚
836 1209 878 1238 vt
898 1201 976 1240 eius
996 1213 1246 1243 momentum
1270 1203 1313 1244 sit
1332 1210 1347 1251 ς,
1366 1204 1403 1243 V
1418 1205 1462 1257 f,

153 1276 247 1319 quae
282 1263 333 1304 est
374 1264 466 1303 leuis
504 1261 711 1302 diminutio
733 1293 745 1313 ,
794 1261 955 1303 effectus
995 1266 1064 1304 erit
1108 1267 1140 1315 3'3
1162 1266 1260 1318 Ve,
1295 1268 1462 1322 ideoque

154 1328 232 1369 {ere
278 1325 486 1380 quadruplo
536 1327 694 1377 maior,
745 1338 859 1379 quam
901 1326 984 1366 casu
1025 1328 1288 1380 praecedente.
1355 1331 1460 1372 Data

151 1401 276 1432 autem
327 1389 496 1430 frictione
521 1421 532 1441 ,
566 1390 618 1430 ita
653 1399 697 1428 vt
749 1389 847 1430 vltra
882 1390 1046 1431 diminui
1082 1403 1275 1446 nequeat,
1310 1406 1415 1448 patet
1447 1427 1458 1448 ,

147 1455 476 1508 impedimentum
498 1453 585 1494 inde
621 1454 824 1494 oriundum
862 1466 914 1494 eo
948 1454 1030 1495 fore
1065 1457 1220 1510 minus,
1258 1471 1335 1512 quo
1371 1472 1461 1500 ma·

147 1519 208 1560 ior
239 1518 348 1559 suerit
378 1530 462 1558 area
503 1518 689 1571 polygoni
728 1515 766 1558 G
797 1517 825 1558 F
846 1515 885 1558 G
913 1516 943 1559 F
985 1529 1073 1573 etc;
1124 1531 1161 1560 et
1201 1533 1292 1562 cum
1334 1524 1456 1564 eti-,im

145 1581 259 1622 aufto
292 1582 395 1623 radio
419 1581 455 1636 f
480 1581 738 1632 diminuatur,
778 1581 1018 1623 manifestum
1053 1584 1133 1636 est,
1170 1586 1458 1628 coefficientem

148 1647 360 1700 quantitatis
401 1645 439 1685 V
447 1646 486 1702 J
514 1646 552 1686 in
596 1647 721 1700 prima
763 1647 939 1687 columna
984 1649 1022 1687 in
1072 1651 1218 1689 ratione
1269 1652 1457 1705 triplicata

148 1712 240 1751 radii
267 1711 301 1765 f
325 1709 515 1759 diminui,
551 1709 675 1765 sicque
707 1709 782 1750 hoc
815 1710 930 1763 paeto
950 1710 1073 1751 multo
1101 1713 1286 1753 maiorem
1320 1716 1453 1757 coeffi·

150 1778 316 1817 cientem
377 1773 530 1813 termini
573 1773 708 1815 Vein
742 1784 871 1827 quarta
904 1773 1081 1814 columna
1114 1776 1312 1829 obtineri,
1348 1780 1456 1821 ideo-

151 1851 224 1894 que
271 1835 452 1877 effoetum
511 1838 713 1879 machinae
763 1836 840 1877 iam
894 1849 971 1877 non
1015 1839 1260 1880 mediocriter
1309 1844 1454 1898 augeri.

148 1905 342 1946 Praeterea
395 1913 490 1941 vero
521 1901 572 1942 ob
601 1901 754 1944 austum
776 1900 812 1940 V
846 1901 907 1942 hic
943 1902 1096 1942 effectus
1130 1904 1167 1943 in
1202 1905 1349 1946 mione
1382 1908 1455 1950 du·

150 1968 286 2022 plicata
321 1964 471 2020 radiis
496 1966 704 2018 augebitur.
772 1964 837 2006 Ex
879 1978 956 2019 quo
1007 1968 1182 2008 maxime
1234 1970 1451 2025 expediet,

149 2043 193 2072 vt
230 2031 284 2071 aia
327 2027 541 2069 huiusmodi
582 2040 701 2071 rotata
740 2039 841 2070 tanta
882 2030 1134 2084 conficiatur,
1177 2043 1357 2086 quantam
1392 2050 1448 2077 re.

147 2094 267 2151 liquae
303 2091 600 2134 circumstantiae
635 2095 672 2134 id
708 2095 947 2148 permittunt.
1023 2095 1110 2136 Hoc
1154 2106 1280 2139 autem
1324 2101 1448 2142 modo

211 2189 250 2231 Τ
251 2201 335 2232 om.
355 2186 428 2230 VI.
449 2187 557 2231 Nou.
578 2184 710 2249 Com..
966 2187 1007 2229 0
1333 2191 1447 2238 ineu-
