2013 2703
437 161 1198 208 METEOROLOGICAE
1356 175 1449 216 437

169 287 337 338 adeoque
372 285 622 323 variationem
645 284 1002 324 tlicrmomezricam
1029 289 1101 331 813
1123 283 1319 337 graduum.
1356 282 1452 337 Spa-

169 351 262 389 tium
300 350 411 401 igitur
446 350 696 389 vurizitiunum
733 348 1131 388 tliermometricarum
1167 349 1204 388 in
1223 349 1451 390 anteceden-

169 414 269 453 tibus
306 415 499 452 inuentum
526 416 581 462 96
603 413 784 464 graduum
816 424 943 452 manet
963 413 1084 452 adhuc
1114 413 1343 452 maximum.
1374 412 1451 452 Va-

170 479 349 518 nationes
385 477 721 516 [hermoinctricne
757 478 889 528 primis
922 477 1007 516 :inni
1043 476 1234 516 mensibus
1268 475 1348 515 sunt
1370 489 1450 517 ma-

170 542 269 580 iores
295 541 429 580 mediis
446 552 484 580 ct
506 541 648 580 vltimis
668 551 833 592 excepto
865 540 1037 592 Augusto
1051 572 1060 589 ,
1080 541 1140 592 qui
1161 552 1250 579 cum
1281 540 1455 580 lanu-„irio

170 605 362 645 conuenit.
400 604 505 659 Quae
518 614 706 658 practerea
726 602 799 643 linc
819 615 919 643 anno
937 603 1250 643 memorabilior-a
1264 605 1451 653 videntur,

172 667 245 709 huc
279 668 356 708 fere
389 669 560 708 redeunt.

314 731 443 772 Mense
478 731 650 773 Ianuario
683 744 819 773 ornnes
854 732 932 772 dies
960 732 1104 772 suerum
1124 731 1264 781 nubili,
1285 733 1453 786 exceptis

169 796 314 836 duobus
341 803 391 837 18
417 807 453 836 et
477 809 547 835 22.
581 808 698 837 vento
717 796 777 835 W
802 797 918 836 debili
947 796 1071 836 flante.
1110 796 1225 836 Venti
1248 796 1453 837 vehemen-

172 861 290 899 tiores
310 858 387 899 hoc
411 862 541 900 mense
565 863 708 902 suerunt
726 862 761 900 d.
788 874 829 909 9.
850 860 895 912 S,
923 859 1053 901 10W
1073 870 1110 900 et
1136 873 1183 898 11
1209 859 1271 898 W
1295 893 1306 911 ,
1341 873 1456 913 quum

169 923 251 963 dies
284 924 506 963 antecedens
539 935 577 964 et
611 925 763 980 sequens
782 925 858 965 sine
878 924 1137 964 ventofuerint
1157 957 1168 976 ,
1201 923 1419 963 barometro
1437 936 1460 962 a

176 999 248 1036 27.
286 996 342 1035 97
378 987 422 1026 ad
462 997 533 1036 27.
572 1000 628 1035 30
675 988 922 1029 descendente
943 1021 953 1039 ,
986 1001 1100 1040 quum
1135 989 1209 1027 iam
1245 986 1373 1027 diebus
1391 988 1456 1027 ali-

172 1059 267 1103 quot
300 1060 387 1089 ante
417 1051 661 1092 detcendiffet
681 1085 691 1102 ,
732 1053 1017 1089 tliermometro
1037 1063 1057 1089 a
1079 1053 1163 1091 168
1185 1051 1230 1089 ad
1254 1063 1270 1087 1
1287 1061 1306 1097 ς
1321 1063 1335 1088 1
1363 1051 1462 1090 vati-

172 1125 275 1153 ante.
343 1112 412 1153 Per
445 1124 572 1154 totum
612 1114 780 1155 mensem
803 1124 935 1153 ventus
967 1112 1028 1152 W
1048 1112 1280 1166 potissimum
1300 1112 1458 1166 spirauit.

325 1177 458 1218 Mense
493 1179 694 1219 Februario
721 1176 783 1217 sex
811 1176 890 1216 dies
917 1177 1064 1216 fuerunt
1084 1177 1202 1216 sereni
1226 1190 1261 1226 1,
1288 1188 1360 1227 17,
1385 1191 1460 1229 25,

180 1243 262 1292 26,
300 1251 371 1292 27,
394 1248 465 1283 28.
488 1244 602 1282 ceteri
622 1253 758 1282 omnes
778 1240 904 1280 nubili.
942 1239 1072 1281 Semel
1105 1252 1231 1281 ventus
1250 1240 1464 1282 vehemens

175 1304 242 1344 suit
260 1305 319 1344 die
353 1311 422 1346 18.
449 1305 537 1346 ΝΟ
557 1339 566 1357 ,
605 1304 855 1359 praecedente
875 1314 914 1344 et
941 1303 1177 1357 subsequente
1204 1306 1464 1358 tranquillitate

172 1368 248 1408 fine
269 1378 395 1410 vento.
433 1367 512 1409 Die
545 1370 780 1409 antecedenti
815 1369 1073 1408 barometrum
1108 1377 1187 1407 erat
1220 1379 1291 1415 27.
1321 1376 1390 1418 89.
1429 1380 1468 1410 et

175 1429 342 1485 sequenti
381 1443 449 1480 27.
485 1440 558 1482 38.
603 1443 673 1480 27.
715 1444 772 1480 50
804 1433 885 1486 ipso
919 1431 982 1472 die
1014 1431 1111 1484 fuit,
1145 1441 1184 1472 et
1214 1433 1326 1485 frigus
1366 1436 1467 1483 169.

326 1496 487 1537 Martius
539 1496 670 1536 habuit
703 1496 781 1536 dies
820 1509 868 1548 ¹3
908 1497 1054 1536 serenos
1080 1529 1090 1548 ‚
1131 1506 1274 1536 ceteros
1307 1497 1466 1537 nubilos.

177 1558 298 1599 Venti
330 1560 504 1599 fortiores
535 1560 679 1599 suerunt
711 1561 747 1600 d.
785 1570 828 1608 7.
870 1561 966 1604 No.
1014 1560 1126 1601 coelo
1167 1559 1296 1600 sereno
1316 1594 1326 1612 ,
1359 1561 1466 1600 baro-

177 1632 306 1662 metro
360 1632 429 1670 27.
471 1635 523 1673 23
568 1656 579 1674 ,
631 1634 671 1663 et
721 1624 860 1665 therm.
917 1636 1014 1674 172.
1100 1623 1177 1664 Die
1228 1624 1467 1676 praecedenti

177 1685 247 1726 suit
269 1688 340 1724 26.
363 1689 423 1736 64
453 1696 489 1725 et
522 1687 592 1741 seq.
624 1698 693 1737 27.
733 1692 814 1741 60·⁷
849 1690 930 1730 dies
964 1688 1190 1739 antecedens
1226 1688 1301 1728 slne
1336 1697 1468 1739 vento,

178 1751 330 1802 sequens
351 1748 627 1792 cumsdebili.
695 1752 814 1792 Porro
848 1754 885 1792 d.
903 1765 971 1791 12.
992 1752 1105 1791 coelo
1123 1751 1276 1802 sereno,
1295 1752 1469 1791 barome-

180 1822 244 1853 tro
279 1818 350 1853 28.
372 1825 422 1861 :35
471 1825 603 1855 ventus
632 1815 671 1856 O
706 1816 970 1857 vehementior
1001 1815 1099 1868 fuit,
1134 1817 1215 1856 dies
1247 1816 1470 1870 praecedens

180 1877 256 1918 fine
284 1888 416 1926 vento,
436 1888 473 1917 et
501 1878 649 1931 sequens
674 1893 761 1920 cum
791 1891 910 1921 vento
937 1879 1065 1921 debili.
1111 1879 1378 1921 Barometrum
1407 1880 1469 1919 die

181 1952 306 1982 antec.
331 1947 400 1980 28.
429 1953 497 1990 15,
517 1954 555 1981 et
575 1942 643 1996 seq.
668 1950 736 1985 28.
761 1935 818 1992 '13
842 1956 918 1985 erat
948 1943 1168 1985 altitudinis.
1201 1942 1380 1997 Denique
1408 1944 1469 1983 die

186 2009 241 2043 26
262 2015 393 2045 ventus
410 2004 472 2043 W
491 2005 637 2054 fortior,
666 2009 776 2049 coelo
795 2009 925 2049 nubilo
947 2041 956 2058 ‚
976 2009 1191 2050 barometro
1213 2015 1343 2056 2778
1367 2007 1471 2061 quod

182 2069 242 2110 die
259 2068 448 2110 antec.fuit
474 2073 606 2110 28.16
626 2081 662 2110 et
680 2069 1215 2127 seq.27.72;thermornetro
1232 2082 1358 2113 autem
1375 2075 1472 2110 160.

333 2133 466 2176 Mense
484 2133 611 2189 Aprili
638 2134 716 2175 dies
737 2146 781 2183 13
819 2137 967 2178 fuerunt
1000 2136 1149 2193 sereni,
1183 2137 1318 2193 reliqui
1347 2135 1472 2175 nubili.

787 2199 808 2243 1
828 2202 840 2243 i
860 2202 870 2242 i
894 2211 917 2250 3
1357 2197 1475 2240 Venti
