2013 2703
729 158 764 218 l(
799 163 853 200 61
895 157 926 218 )(

141 289 320 332 Vescitur
340 290 450 332 enim
471 288 617 341 musco,
640 288 713 330 siue
735 288 913 342 lichene,
950 300 995 330 vt:
1015 290 1216 331 ’rai-andus
1237 324 1247 345 ,
1281 299 1319 332 et
1339 291 1377 332 in
1396 290 1482 344 pri-

146 357 223 398 mis
258 356 325 397 illo
361 356 596 405 delec'tatur‚
641 355 704 407 qui
747 355 930 394 abietibus
971 355 1216 407 adnascitur,
1259 357 1358 396 vnde
1397 367 1482 395 raro

145 421 271 461 exstat
314 421 354 460 in
405 421 535 470 siluis,
587 430 682 471 quae
725 417 907 459 abietibus
960 430 1104 459 carent.
1173 419 1324 463 Dicunt
1358 420 1480 460 etiam

149 486 339 527 radicibus
374 483 463 524 Lilii
499 483 713 537 purpurei,
757 481 880 523 Rullis
918 482 1078 523 Samma
1123 483 1262 536 dietis,
1305 484 1482 524 aliarum-

102 582 104 584 ,
147 563 218 604 que
256 549 464 588 herbarum
502 547 634 600 pasci,
680 556 769 597 quas
811 546 985 585 dentibus
1028 547 1096 586 suis
1138 549 1294 587 extortis
1327 560 1349 586 e
1388 559 1486 588 tetra

147 614 297 653 effodit.
368 611 471 652 Loca
506 618 640 659 amat,
677 618 722 648 vt
758 607 870 648 valde
903 610 1089 649 timidum
1125 610 1212 662 est,
1253 623 1272 650 a
1305 611 1482 651 societate

147 677 356 718 hominum
411 673 621 714 remotiora
645 703 655 723 ‚
706 671 837 726 siluas,
881 674 1075 714 montium
1118 675 1207 727 iuga
1250 684 1288 714 et
1319 687 1478 729 campos

145 742 342 790 desertos,
395 738 483 778 hinc
538 737 628 777 inde
691 735 790 776 siluis
837 737 1044 780 distinctos.
1128 739 1386 791 Habitacula‚
1436 740 1478 781 in

143 804 277 858 quibus
312 815 384 856 per
417 802 592 842 hiemem
637 813 932 855 commoretur,
980 802 1082 843 nulla
1124 802 1332 844 obseruata.
1401 801 1480 844 Sub

144 869 207 909 diu
246 869 411 921 requiem
457 867 610 920 capiens
653 867 798 906 dormit
840 868 879 906 in
922 867 1010 908 niue
1033 899 1046 920 ,
1091 866 1183 908 nihil
1222 867 1480 921 virgultorum

143 933 211 975 sibi
249 931 492 972 substernens.
558 931 764 971 Autumno
798 942 939 972 coeunt
959 964 969 984 ‚
1001 945 1093 972 vere
1110 933 1284 986 pariunt,
1318 933 1478 972 vnicum

146 997 263 1037 edunt
297 1006 466 1049 partum.
538 996 686 1038 Recens
718 1006 896 1037 natorum
939 1008 1079 1039 vocem
1120 996 1238 1037 fistula
1281 996 1480 1039 imitantur

146 1071 350 1102 venatores
370 1092 381 1110 ,
417 1070 460 1100 vt
497 1071 637 1100 matres
671 1059 839 1101 alliciant
860 1094 871 1113 ,
902 1074 990 1114 quas
1024 1071 1127 1102 tunc.
1147 1061 1308 1115 globulis
1341 1061 1482 1102 traiici—

143 1135 233 1165 vnt.
301 1125 409 1164 Alias
441 1125 561 1163 etiam
597 1123 740 1162 retibus
773 1125 948 1164 animalia
979 1127 1175 1179 capiuntur
1195 1158 1206 1177 ‚
1241 1126 1327 1165 imo
1369 1126 1479 1166 cani.

146 1188 228 1228 bus.
298 1186 474 1227 Incidunt
507 1196 654 1240 quoquc
689 1185 725 1224 in
761 1186 909 1236 foueas,
943 1199 1017 1241 pro
1048 1188 1189 1228 alcibus
1206 1189 1397 1241 capiendis
1424 1187 1480 1228 ess

142 1249 268 1292 fossas.
334 1249 376 1290 Si
410 1252 496 1289 vina
529 1249 728 1301 capiuntur
752 1280 763 1299 ,
806 1251 933 1289 inedia
969 1262 1143 1303 pereunt.
1208 1251 1353 1304 Neque
1384 1251 1476 1292 hin-

142 1315 223 1356 nuli
266 1313 388 1354 vic‘tui
436 1314 484 1354 ab
526 1311 749 1352 hominibus
791 1313 883 1353 dato
923 1313 1131 1354 assuescunt.
1196 1313 1386 1356 Gmelinus
1428 1315 1477 1355 ad

142 1378 291 1420 Lenam
326 1378 485 1419 fluuium
519 1375 709 1416 subsistens
743 1388 907 1418 omnem
941 1378 1112 1432 lapidem
1149 1380 1311 1430 mouit,
1344 1389 1388 1418 vt
1415 1380 1476 1419 iu-

141 1445 249 1484 niora
294 1443 477 1484 animalia
527 1450 783 1495 caperentur,
835 1455 931 1496 quae
987 1442 1262 1483 mansuefacere
1297 1443 1476 1497 sperauit.

115 1499 264 1562 ‘Capta
299 1507 410 1558 sunt,
444 1506 506 1546 sed
548 1516 749 1558 antequam
794 1508 1084 1560 adportarentnr
1107 1540 1120 1560 ,
1154 1508 1324 1561 (procul
1365 1509 1476 1548 enim

142 1571 242 1627 erat)
278 1572 508 1612 interierunt.
539 1568 605 1610 De
638 1569 811 1611 folliculis
845 1571 1056 1621 notandum
1078 1603 1089 1622 ‚
1123 1573 1208 1613 illos
1240 1572 1279 1611 in
1311 1573 1476 1612 iuniori-

142 1635 210 1677 bus
243 1636 466 1677 animalibus
509 1635 582 1674 vix
625 1635 849 1687 conspicuos
883 1636 969 1677 effe.
1030 1635 1299 1678 maturitatem
1344 1636 1476 1690 adqui-

139 1711 250 1752 runt,
282 1713 370 1741 cum
408 1698 548 1740 animal
581 1697 757 1752 tertium,
791 1711 854 1742 aut
873 1711 1071 1753 quartum,
1104 1702 1233 1742 aetatis
1249 1713 1391 1741 annum
1413 1711 1476 1740 at-

141 1765 253 1817 tingit
274 1797 284 1815 ,
319 1765 570 1818 postmodum
606 1763 831 1805 minuuntur
868 1766 1034 1815 iterum,
1073 1776 1113 1806 et
1147 1767 1187 1806 in
1218 1775 1339 1806 aetate
1373 1777 1475 1803 con-

142 1827 248 1868 sectis
281 1830 422 1883 prorsus
458 1836 632 1883 percunt·
702 1829 800 1870 Non
835 1829 927 1869 nulli
961 1829 1132 1869 aritstores
1172 1840 1350 1883 tempore
1389 1829 1469 1881 ple-

143 1890 306 1943 nilunii,
342 1904 404 1934 aut
439 1905 526 1934 cum
561 1890 705 1932 animal
739 1894 889 1934 coitum
924 1895 1099 1948 appetit,
1139 1893 1349 1934 folliculum
1389 1902 1474 1932 tur-

143 1953 290 2007 gescere
326 1957 556 2009 perhibent3
612 1953 745 1996 dicunt
797 1959 844 1999 ab
878 1959 978 1998 aestu
1031 1969 1202 1999 venereo
1253 1957 1465 1998 folliculum

141 2020 299 2071 rumpi,
332 2029 371 2058 et
404 2020 554 2061 effluere
588 2018 781 2072 liquorem
818 2021 972 2064 Moschi
1007 2022 1104 2064 suani
1144 2024 1263 2063 odore
1294 2034 1376 2062 aera
1410 2034 1468 2060 re-

141 2081 348 2136 plentem3
403 2083 486 2123 imo
518 2082 660 2124 animal
694 2100 834 2128 venere
868 2087 1090 2140 percitum,
1141 2097 1204 2128 aut
1238 2100 1259 2126 a
1310 2097 1471 2126 venato-

137 2145 247 2188 ribus
281 2147 466 2202 agitatum
492 2181 504 2204 7
535 2146 722 2201 liquorem
757 2151 997 2194 moschicum
1033 2152 1081 2193 ad
1099 2151 1251 2194 arbores
1285 2159 1324 2191 et
1358 2161 1474 2202 rupes

774 2216 803 2257 h
838 2227 862 2265 3
1396 2223 1477 2266 RE?
