2013 2703
573 180 663 219 ¹24
938 158 1490 207 ELEMENTA

568 310 625 339 z
643 297 701 335 60
714 325 725 344 ,
751 291 912 343 ideoque
929 298 1101 329 numerus
1117 284 1480 336 acierumAzao.
1498 287 1654 331 Deinde
1667 288 1750 344 qui'a
1761 290 1857 331 terni

566 359 690 412 anguli
707 355 808 410 plani
826 354 871 392 ad
889 346 1047 392 solidum
1065 359 1314 401 concurrunt,
1338 351 1408 391 erit
1425 363 1604 393 numerus
1630 354 1853 406 angulorum

565 422 771 462 solidorum
811 414 838 455 S
858 428 911 454 z
936 427 990 455 20
1018 447 1029 468 ,
1066 426 1160 468 ergo
1201 413 1241 454 H
1261 422 1313 461 -f—
1332 411 1360 455 S
1379 426 1436 454 z
1457 424 1512 461 32
1533 417 1646 456 :A
1666 424 1728 461 —÷-
1751 427 1793 454 2.

565 483 640 525 Pro
689 478 884 522 icosaedro
940 478 995 519 est
1051 477 1089 518 H
1110 490 1164 518 z
1185 488 1241 518 20
1262 509 1274 529 ,
1321 479 1426 518 cuius
1471 477 1615 519 hedrae
1662 490 1753 518 cum
1784 477 1857 520 sint

566 544 772 600 trigon-ales
808 573 822 594 ‚
861 540 936 582 erit
971 540 1198 595 angulorum
1236 540 1439 594 planorum
1480 552 1659 582 numerus
1696 553 1750 581 z
1768 543 1862 595 60,

564 617 820 660 numerusque
870 607 1037 646 acierum
1089 605 1126 645 A
1147 616 1203 644 z
1223 616 1296 654 30.
1362 605 1471 646 Tum
1525 617 1620 645 vero
1665 604 1750 659 quia
1785 603 1864 645 sm·

565 672 645 726 guli
678 669 805 724 anguli
839 667 944 708 solidi
975 667 1147 709 constant
1164 668 1285 722 quinis
1304 666 1422 719 planis
1439 699 1450 719 ‚
1485 669 1558 708 etit
1577 679 1708 708 eorum
1726 678 1862 710 nume-

565 748 626 776 rus
657 732 684 774 S
704 747 758 773 z
782 744 835 771 12
855 763 867 782 ,
902 732 1065 785 ideoque
1099 729 1504 777 H-4-52322A
1521 737 1617 778 †2.

657 794 760 838 Cum
797 795 912 848 igitur
944 795 1083 836 veritas
1111 793 1378 849 propositionis
1410 794 1449 834 in
1481 793 1540 834 his
1572 793 1751 835 omnibus
1799 806 1859 836 ca-

563 860 660 903 sibus
694 859 758 900 fibi
787 859 934 899 constet
954 890 964 909 ,
997 858 1154 899 dubium
1188 858 1240 899 est
1271 856 1416 897 nullum
1437 889 1447 908 ,
1478 857 1566 910 quin
1595 867 1641 897 ea
1672 857 1710 898 in
1729 857 1862 897 omni-

565 924 634 964 bus
667 923 833 962 omnino
865 919 989 963 solidis
1021 921 1150 963 locum
1185 921 1321 961 habeat
1341 952 1351 971 ,
1388 919 1510 974 sicque
1549 918 1764 973 propositio
1795 916 1862 961 suf-

568 987 738 1028 ficienter
769 986 920 1026 videtur
950 985 1220 1026 demonstrata.

965 1072 1365 1117 COROLL.
1436 1086 1476 1113 1.

685 1149 721 1196 §-
757 1158 830 1199 34.
869 1144 911 1189 Si
945 1157 1042 1201 ergo
1075 1146 1116 1186 iu
1156 1147 1340 1200 quopiam
1383 1145 1501 1187 solido
1541 1147 1651 1188 detur
1691 1158 1868 1188 numerus

570 1212 793 1267 angulorum
827 1210 1032 1252 solidorum
1062 1207 1090 1250 S
1124 1221 1217 1249 cum
1253 1221 1417 1249 numero
1447 1209 1648 1252 hedmrum
1680 1211 1718 1252 H
1739 1243 1751 1264 ,
1783 1212 1870 1251 inde

570 1277 697 1319 statim
731 1275 970 1328 cognoscetur
1004 1283 1184 1313 numerus
1217 1272 1383 1313 acierum
1421 1272 1490 1325 A,
1553 1288 1644 1316 cum
1683 1274 1727 1316 fit
1749 1277 1789 1316 A
1812 1285 1870 1315 z:

570 1335 854 1384 fl-i-S-z.

962 1426 1360 1472 COROLL.
1431 1440 1472 1468 2.

691 1504 728 1554 §-
767 1515 844 1555 35.
886 1502 999 1544 Datis
1038 1511 1164 1542 autem
1204 1502 1244 1542 in
1281 1499 1400 1540 solido
1438 1514 1664 1556 quocunque
1705 1513 1867 1543 numero

571 1570 797 1625 angulorum
829 1568 1030 1608 solidorum
1061 1563 1088 1604 S
1121 1577 1211 1605 cum
1247 1575 1409 1604 numero
1459 1568 1620 1606 acierum
1663 1566 1700 1606 A
1723 1596 1736 1615 ,
1779 1566 1868 1606 inde

573 1635 677 1675 faciic
708 1630 893 1685 colligitur
926 1641 1106 1672 numerus
1134 1627 1331 1668 hedrarum
1374 1626 1412 1668 fl
1435 1660 1445 1678 ,
1485 1641 1572 1670 cum
1614 1629 1655 1670 fit
1696 1628 1868 1670 tir-A

580 1697 815 1743 -S-i-2·

931 1783 1331 1828 COROLL.
1404 1800 1447 1837 3.

700 1863 733 1911 ξ.
781 1863 852 1908 36.
895 1858 1008 1901 Datis
1050 1870 1179 1898 autem
1222 1859 1259 1897 in
1299 1859 1416 1899 solido
1452 1871 1670 1912 quocunque
1711 1848 1874 1901 nume'ro

586 1926 782 1967 hedmrum
819 1924 854 1964 H
891 1936 960 1963 vna
994 1935 1082 1962 cum
1118 1934 1282 1962 numero
1314 1923 1477 1962 acierum
1520 1925 1557 1963 A
1579 1955 1590 1972 ‚
1632 1923 1720 1964 inde
1763 1923 1871 1964 facile

584 1989 783 2043 reperietur
823 1999 1001 2027 numerus
1041 1985 1261 2039 angulorum
1310 1984 1510 2027 solidorum
1551 1984 1609 2037 S,
1649 1989 1734 2041 quia
1772 1983 1870 2029 estS

584 2067 636 2094 z
658 2053 692 2092 A
716 2074 740 2080 -
762 2051 798 2091 H
819 2057 884 2093 ——4-
909 2062 950 2088 2.

1677 2173 1872 2220 PROPO-
