2013 2703
560 174 653 222 386
956 160 1631 223 MVSAQVATICVS

560 289 767 330 Veficulam
803 284 955 325 felleum
976 315 986 334 ‚
1021 282 1110 323 licet
1151 282 1263 323 omni
1299 294 1382 321 cura
1414 281 1452 320 in
1488 281 1584 322 hisce
1611 283 1726 324 tribus
1751 297 1838 326 mu—

559 353 687 402 ribus,
722 362 810 403 quos
844 347 989 386 diflecui
1011 376 1022 397 ,
1058 346 1303 399 inquisiuerim
1325 377 1336 395 ,
1370 345 1534 398 reperire
1554 358 1626 385 non
1660 350 1774 398 potui.

678 411 915 452 Ventriculus
951 409 1066 462 figura
1093 410 1290 449 dimidiam
1327 407 1403 447 fere
1435 408 1561 448 lunam
1581 420 1840 461 reprac.entat,

561 476 745 518 cornubus
772 474 906 514 sursum
935 472 1193 526 spectantibus.
1240 469 1439 512 Dextrum
1469 470 1563 511 latus
1593 471 1696 511 altius
1723 474 1773 511 est
1796 473 1844 511 si-

564 540 701 591 nistro,
720 550 756 578 et
774 537 876 591 supra
896 537 1035 577 locum.
1059 537 1121 576 vbi
1141 534 1374 587 oesophagus
1395 535 1600 585 ingreditur
1619 567 1629 585 ,
1647 535 1694 574 ad
1717 538 1728 580 ξ
1749 534 1843 587 poll.

565 604 753 643 eleuatum
775 634 784 652 ‚
818 613 906 641 cum
943 599 1123 639 sinistrum
1161 600 1231 638 vix
1266 604 1280 649 ξ
1316 598 1408 650 poll.
1443 596 1632 638 eleuatum
1652 597 1709 637 sit.
1741 595 1847 636 Con-

565 676 667 706 tenta
699 664 836 718 frigore
869 664 1106 716 conglaciata
1138 672 1242 702 erant
1264 695 1273 712 ,
1307 662 1350 699 iis
1384 672 1476 700 vero
1510 673 1603 714 aqua
1637 658 1848 713 dissolutis,

568 730 674 783 plura
709 730 868 769 minima
901 726 1116 781 corpuscula
1149 756 1162 779 ‚
1222 724 1484 765 vermiformia
1505 755 1516 775 ,
1572 725 1687 765 carnis
1718 725 1848 765 colore

570 794 738 848 praedita
759 826 768 844 ,
802 792 968 831 innatare
1001 790 1096 830 vidi.

686 855 863 896 Intestina
896 866 1016 894 coeca
1046 852 1155 894 nulla.
1221 852 1325 893 Tota
1357 851 1618 892 intestinorum
1653 852 1852 904 longitudo

576 930 630 958 12
668 931 790 972 prope
823 917 917 970 poll.
950 928 1097 970 aequat.
1163 917 1306 956 Foeces
1338 916 1601 955 intestinorum
1630 946 1640 964 ,
1677 915 1854 967 inprimis

571 982 665 1023 resti
687 1014 696 1031 ‚
731 983 891 1022 resinam
927 979 1001 1020 fere
1023 980 1128 1032 super
1147 980 1234 1031 igne
1252 978 1490 1032 liques-„istum
1513 1006 1526 1029 ‚
1561 975 1720 1017 referunt
1742 1008 1753 1028 2
1784 990 1856 1018 nee

572 1046 729 1086 notabili
760 1045 908 1083 foetore
944 1054 1049 1082 nares
1089 1042 1239 1081 feriunt.

693 1109 817 1150 Renes
851 1112 900 1153 ῑζξ,
933 1105 1027 1158 poll.
1060 1105 1194 1157 longi,
1228 1105 1242 1152 ξ
1277 1106 1372 1158 poll.
1406 1105 1504 1158 lati,
1537 1104 1654 1160 figura
1682 1105 1859 1147 humanis

576 1170 713 1213 similes
735 1204 746 1222 ,
793 1171 966 1222 vtrinque
999 1169 1038 1208 in
1070 1178 1259 1209 vreterem
1295 1170 1466 1210 desinunt
1499 1201 1511 1220 ,
1545 1170 1607 1224 qui
1647 1170 1747 1210 rec'ta
1781 1171 1856 1210 sere

578 1235 676 1276 linea
713 1235 750 1273 in
771 1233 930 1273 vesicam
967 1244 1086 1285 vsque
1114 1233 1341 1273 extenditur.
1378 1232 1556 1286 Superius
1581 1232 1685 1286 supra
1711 1234 1856 1286 spinam

578 1299 755 1349 vtrinque
789 1296 933 1336 adiacet
965 1308 1029 1334 ren
1063 1295 1344 1336 succenturiatus
1381 1328 1391 1346 ,
1439 1308 1489 1335 cx
1527 1297 1614 1336 albo
1643 1296 1824 1337 lutescens
1845 1326 1856 1346 ,

579 1361 724 1402 lentem
762 1359 946 1399 maiorem
981 1357 1100 1410 figura
1132 1367 1169 1397 ct
1203 1360 1458 1410 magnitudine
1491 1359 1668 1397 referens.

700 1423 808 1462 Peuis
841 1432 957 1474 Vsque
991 1422 1034 1460 ad
1070 1419 1137 1474 (c)
1171 1431 1280 1459 extra
1313 1431 1448 1471 corpus
1483 1422 1730 1472 prominens,
1761 1421 1856 1460 intra

386 1497 718 1540 ‘r„‚vl11‚corpus
751 1483 899 1525 crassior
933 1483 1085 1533 euadit,
1121 1480 1186 1537 (e)
1220 1492 1257 1521 et
1291 1481 1409 1522 verilis
1451 1483 1629 1523 dextri-zm
1672 1484 1764 1523 latus
1803 1485 1856 1522 in-

389 1582 429 1619 Ε.
584 1561 752 1590 curu-,itur
773 1581 782 1599 ,
810 1547 1010 1599 desinitque
1032 1580 1041 1597 ,
1069 1548 1125 1586 vti
1151 1546 1295 1584 videtur
1314 1577 1323 1595 ‚
1359 1546 1394 1583 in
1415 1544 1499 1584 bina
1519 1557 1702 1597 corpora,
1721 1558 1772 1584 cx
1789 1547 1859 1586 ob-

423 1596 473 1630 ¹g'
507 1592 539 1618 ι’
586 1615 705 1667 longo
737 1611 918 1665 globosa,
953 1609 1040 1666 (ss)
1076 1621 1168 1663 quae
1205 1620 1274 1660 pro
1308 1608 1455 1647 testibus
1476 1608 1610 1647 habco.
1677 1608 1862 1661 Vtrinque

589 1679 635 1719 ad
671 1677 756 1717 istos
789 1675 890 1715 testes
921 1674 996 1714 duo
1026 1674 1115 1724 alia,
1152 1674 1288 1725 puriter
1321 1684 1371 1710 cx
1404 1671 1575 1723 oblongo
1608 1671 1758 1724 globolii
1777 1684 1860 1712 cor·

591 1754 686 1796 pora
707 1773 718 1791 ,
750 1740 923 1788 maiora,
975 1735 1071 1791 (gg)
1121 1736 1235 1790 paulo
1270 1733 1417 1775 inferius
1450 1735 1648 1784 locantur,
1698 1747 1861 1788 quorum

591 1814 795 1856 Vtrumque
829 1804 865 1842 in
896 1812 1047 1841 tenuem
1082 1798 1367 1852 appendiculam
1390 1796 1446 1851 (i)
1475 1799 1692 1838 terminatur
1716 1829 1728 1848 ,
1761 1800 1864 1839 cuius

593 1868 678 1907 finis
713 1867 803 1905 infra
839 1866 947 1906 testes
979 1865 1024 1903 ad
1059 1875 1195 1915 penem
1237 1863 1300 1903 cst.
1364 1860 1572 1901 Substantia
1605 1871 1685 1901 tam
1720 1861 1863 1902 horum

593 1941 799 1981 corporum
822 1962 832 1979 ,
862 1940 975 1981 quam
1010 1925 1343 1979 appendicularum
1366 1956 1377 1973 ,
1427 1924 1637 1976 glandulosa
1671 1925 1724 1964 est
1764 1939 1775 1977 ·,
1826 1926 1864 1965 in

597 1993 816 2043 corporibus
857 1991 989 2030 caninis
1046 1989 1250 2042 perexigua
1290 1987 1530 2038 obstruatur,
1580 1988 1684 2028 nullo
1724 1988 1864 2040 liquore

597 2054 754 2095 imbuta.
819 2053 966 2093 Flatum
1003 2054 1040 2092 in
1075 2063 1160 2090 cam
1198 2053 1396 2102 immitens,
1450 2062 1525 2090 non
1559 2051 1625 2091 nisi
1658 2050 1772 2091 semel
1803 2063 1862 2090 ac-

597 2118 724 2169 cidit,
759 2126 800 2157 vt
832 2116 989 2158 ductum
1022 2116 1143 2158 versus
1160 2127 1263 2157 renes
1281 2125 1573 2170 excurrentem,
1603 2114 1863 2165 distenderent,

1767 2188 1866 2219 cuius
