2013 2703
518 163 570 200 18
849 162 962 204 DE
1026 156 1492 204 NVMERIS

903 258 1307 332 CORO‘LL.
1378 300 1418 326 1.

644 390 678 438 §.
715 401 783 427 20.
818 385 858 428 Si
891 386 1004 439 igitur
1036 397 1114 425 non
1147 385 1256 425 detur
1286 382 1430 423 summa
1460 383 1621 426 duorum
1650 387 1810 441 quadra-

506 457 634 490 torum
689 453 783 491 intcr
832 451 868 490 se
918 452 1135 504 primorum
1185 447 1378 489 diuifibilis
1411 460 1479 500 per
1511 462 1711 491 numerum
1740 459 1770 506 p
1791 478 1804 501 ,

505 526 598 566 quae
635 528 712 555 non
750 515 911 555 excedat
947 515 1035 568 §pp
1057 546 1066 564 ,
1102 512 1226 553 nullae
1258 511 1423 552 omnino
1463 511 1597 553 dantur
1638 515 1808 555 summae

507 577 670 618 duorum
706 580 973 632 quadratorum
1010 579 1105 616 iuter
1139 576 1174 615 se
1207 578 1452 630 primorum,
1486 588 1580 627 quae
1609 588 1677 630 per
1708 578 1809 617 hunc

507 653 712 683 numerum
738 650 769 699 p
803 641 918 682 etseut
960 639 1174 680 diuisrbiles.

911 767 1311 813 COROLI..
1382 782 1421 811 2.

660 867 694 914 ξ,
735 877 804 905 21.
840 865 901 907 Sic
935 880 1023 907 cum
1061 866 1161 906 nullu
1193 866 1299 906 detur
1333 867 1480 906 summa
1515 867 1675 907 duorum
1719 880 1814 920 qua-

509 927 704 969 dratorum
760 931 860 970 iuter
894 931 927 970 se
970 932 1183 983 primorum
1218 929 1311 970 iufra
1347 924 1457 980 {·3²
1509 930 1567 970 {eu
1602 931 1696 970 iufra
1732 938 1782 980 4}
1805 963 1817 983 ,

510 1006 606 1046 quae
640 993 684 1033 fit
718 1007 784 1047 per
820 1005 842 1041 3
873 987 1071 1035 ‘diuisibilis
1092 1026 1103 1046 ,
1138 994 1227 1034 hinc
1260 994 1468 1034 luculenter
1512 994 1669 1046 sequitur
1689 1027 1699 1044 ,
1735 996 1817 1034 uul-

511 1055 589 1096 lam
627 1059 791 1098 omniuo
826 1059 1012 1098 summam
1046 1059 1208 1097 duorum
1245 1058 1514 1110 quadratorum
1549 1059 1646 1096 iuter
1680 1056 1712 1095 sc
1740 1059 1820 1111 pri-

512 1133 667 1161 morum
702 1135 772 1175 per
807 1136 828 1172 3
868 1121 939 1161 effe
974 1121 1210 1161 diuifibilcm.
1277 1119 1478 1173 Similique
1515 1121 1636 1160 modo
1662 1134 1731 1173 pro
1751 1134 1821 1161 uu-

513 1195 624 1225 mero
659 1194 685 1232 7
717 1218 728 1236 ‚
769 1199 858 1226 curu
901 1198 980 1225 non
1023 1184 1134 1225 detur
1175 1184 1322 1223 summa
1353 1183 1515 1223 duorum
1551 1184 1818 1237 quadratorum

510 1252 606 1294 infra
640 1246 712 1298 {7²
732 1263 786 1289 z
809 1255 898 1299 24}
932 1261 1003 1302 per
1037 1257 1063 1296 7
1099 1247 1286 1287 diuifibilis
1306 1279 1316 1297 ,
1351 1246 1508 1298 sequitur
1542 1260 1588 1286 uc
1621 1248 1658 1286 in
1693 1249 1816 1288 maxi-

515 1318 591 1357 mis
631 1314 788 1367 quidem
832 1313 999 1352 numeris
1036 1311 1115 1350 dari
1156 1311 1316 1349 summas
1355 1310 1515 1350 duorum
1548 1310 1816 1364 quadratorum

512 1379 612 1424 inter
644 1377 677 1417 se
710 1377 928 1432 primorum
965 1388 1033 1430 per
1068 1384 1093 1422 7
1129 1373 1339 1414 diuisrbilcs.

781 1500 1402 1549 PROPOSITIO
1466 1502 1559 1544 IV.

652 1605 686 1654 §.
727 1616 795 1641 22.
830 1603 989 1643 Summa
1023 1601 1169 1641 duorum
1202 1599 1466 1654 quadratorum
1495 1601 1594 1640 inter
1623 1596 1658 1648 se
1683 1602 1815 1653 primo-

517 1684 598 1713 rum
637 1670 752 1709 diuidi
793 1669 918 1721 nequit
957 1675 1029 1720 ριν
1071 1663 1184 1704 rcllum
1226 1676 1413 1705 numerum
1433 1696 1443 1716 ‚
1474 1667 1538 1718 qui
1572 1660 1641 1719 17>ss
1673 1677 1741 1704 non
1760 1665 1818 1718 stt

507 1733 654 1790 summa
686 1733 834 1774 duorum
866 1731 1154 1787 quadratorum.

752 1855 1591 1903 DEMONSTRATIO.

657 1957 722 1998 Ad
759 1956 833 1997 hoc
870 1955 1200 1996 demonstrandum
1236 1965 1422 2006 ponamus
1450 1948 1638 1991 summam
1660 1952 1818 1992 duorum

519 2022 784 2076 quadratorum
822 2021 918 2059 iuter
963 2019 996 2057 sc
1032 2020 1246 2071 primorum
1301 2030 1372 2057 aa
1394 2024 1453 2060 —l-
1476 2015 1540 2056 bh
1592 2016 1816 2056 diuifibilcm

518 2086 592 2126 effe
631 2099 696 2138 per
729 2097 930 2126 numerum
965 2090 990 2136 p
1027 2115 1036 2133 ‚
1069 2083 1128 2134 qui
1164 2094 1240 2120 nou
1275 2080 1315 2119 iit
1351 2082 1491 2120 sunum
1531 2081 1690 2118 duorum
1728 2091 1815 2130 qua·

515 2152 724 2193 dratorum.
809 2147 998 2191 Exhiberi
1047 2158 1138 2201 crgo
1187 2145 1308 2201 posset
1360 2145 1430 2186 alia
1465 2143 1618 2203 >mxuma
1652 2142 1817 2183 duorum

1728 2216 1821 2260 qua-
