2013 2703
569 170 655 214 138
924 156 1480 204 ELEMENTA

565 294 639 333 rius
680 290 902 330 continuare
923 319 934 338 ,
974 287 1154 340 quoniam
1193 298 1244 326 ex
1283 285 1340 327 his
1377 286 1587 340 progressio
1619 287 1853 341 sequentium

565 367 744 410 generum
775 352 907 406 sponte
937 350 1170 406 perspicitur.
1207 351 1260 406 Q.
1294 350 1342 391 E.
1377 350 1410 391 Ι.

952 477 1463 522 COROLL.1.

677 579 713 626 ξ.
747 580 821 617 60.
858 577 1000 620 Notati
1035 575 1098 617 hic
1130 577 1311 616 conuenit
1337 610 1348 630 ‚
1384 576 1526 618 nullum
1561 576 1641 618 dari
1673 576 1860 631 solidum,

561 642 662 697 quod
693 642 840 695 septem
884 641 1020 682 habent
1060 642 1187 692 acieS,
1233 653 1322 680 cum
1364 652 1492 682 tamen
1537 644 1706 696 primum
1747 654 1867 696 genus

561 716 708 746 tantum
744 705 808 746 sex
851 706 988 746 habeat
1026 705 1153 757 acies·⁷
1197 705 1398 746 secundum
1435 719 1551 759 genus
1593 706 1705 746 habet
1737 707 1858 757 οᾶο,

559 770 749 824 sequentia
782 770 934 823 plures,
968 778 1076 822 atque
1110 770 1147 808 in
1179 771 1349 810 numeris
1379 771 1540 810 acierum
1562 770 1644 823 post
1675 769 1860 812 senarium

561 846 697 876 omnes
729 835 882 875 numeri
917 842 1146 885 occurrunt,
1180 834 1260 874 solo
1294 834 1503 887 septenario
1536 842 1716 887 excepto.

957 959 1348 1003 COROLL.
1419 975 1459 1000 κ.

676 1057 712 1105 ξ.
754 1058 826 1095 61.
864 1055 928 1095 Ex
963 1057 1096 1107 primo
1128 1066 1265 1108 genere
1301 1064 1438 1107 patet,
1472 1067 1592 1095 omne
1619 1054 1777 1096 solidum
1804 1064 1857 1096 te-

563 1129 749 1173 tmgonon
769 1118 879 1159 simul
912 1117 989 1157 effe
1017 1119 1241 1159 tetraedrum
1266 1149 1276 1167 ,
1312 1130 1350 1158 et
1377 1117 1539 1158 viciffim
1562 1151 1574 1170 ‚
1606 1120 1704 1172 quod
1723 1131 1861 1172 genus,

560 1186 622 1224 vti
652 1183 705 1223 est
738 1180 1054 1234 simpliciss'irnum
1072 1215 1083 1235 ‚
1118 1184 1170 1222 ita
1189 1182 1344 1222 vnicam
1364 1183 1527 1236 speciem
1547 1185 1739 1235 continet,
1765 1195 1863 1239 quae

561 1247 615 1291 est
645 1247 820 1303 pyramis
862 1246 1093 1299 triangularis
1140 1256 1296 1298 quatuor
1330 1248 1518 1300 triangulis
1555 1249 1699 1288 inclufii.

954 1370 1354 1415 COROLL.
1425 1384 1465 1418 3.

675 1471 710 1518 ς.
747 1475 822 1510 62.
853 1466 1070 1511 Secundum
1105 1481 1220 1522 genus
1256 1467 1390 1507 habens
1429 1471 1480 1506 16
1516 1470 1670 1521 angulos
1698 1470 1860 1523 planos,

562 1544 602 1576 et
624 1546 644 1584 ς
667 1535 800 1575 solidos
821 1568 830 1585 ,
850 1535 988 1575 horum
1007 1544 1165 1586 quatuor
1183 1545 1233 1573 ex
1253 1533 1364 1571 tribus
1384 1531 1520 1583 planis,
1542 1545 1636 1572 vnus
1654 1546 1704 1572 cx
1727 1549 1755 1583 4
1776 1535 1858 1586 pla-

563 1600 619 1639 nis
653 1600 721 1638 crit
755 1598 937 1638 formatus
956 1631 966 1648 ,
999 1598 1241 1650 ssuriliterquc
1272 1597 1434 1649 quinque
1455 1596 1747 1636 ciushcdrarum
1769 1610 1858 1650 qua-

564 1675 649 1704 tuor
689 1673 795 1702 erunt
836 1663 1048 1713 triangula,
1093 1674 1166 1700 vna
1209 1674 1300 1700 vcro
1344 1661 1659 1713 quadrilaterum,
1695 1673 1742 1700 cx
1782 1673 1859 1714 quo

565 1728 640 1768 hoc
673 1739 788 1779 genus
819 1727 970 1766 vnicam
1008 1725 1164 1778 speciem
1191 1756 1200 1774 ‚
1234 1724 1370 1763 scilicet
1404 1726 1641 1777 pyramidem
1661 1724 1764 1780 super
1781 1725 1859 1767 basi

566 1790 815 1845 quadrilatera
849 1789 1064 1832 extruetam
1088 1821 1099 1840 ,
1133 1789 1317 1828 continet.

955 1916 1350 1959 COROLL.
1417 1931 1458 1967 4.

684 2014 717 2059 §—
758 2016 832 2059 63.
866 2013 1044 2053 Tertium
1077 2025 1190 2065 genus
1220 2011 1361 2051 habens
1401 2017 1452 2052 18
1500 2013 1656 2066 angulos
1697 2013 1857 2066 planos,

572 2088 592 2127 ς
630 2075 794 2126 solidos,
830 2087 867 2116 et
903 2081 930 2114 6
972 2077 1102 2116 hedras
1153 2077 1354 2116 includetur
1388 2076 1451 2116 sex
1484 2077 1675 2129 triangulis
1696 2111 1706 2128 ,
1755 2077 1855 2128 quod

569 2143 683 2182 vnico
716 2140 838 2182 modo
872 2139 954 2182 fieri
983 2140 1109 2195 potest
1131 2171 1142 2191 ‚
1175 2142 1315 2195 eritque
1348 2142 1425 2182 hoc
1475 2140 1636 2182 solidum
1685 2141 1856 2194 pyramis

1742 2212 1853 2243 [1121ss-
