2013 2703
508 181 564 209 ιο
831 165 950 210 DE
1011 163 1465 210 NVMERIS

501 309 590 338 cum
621 295 931 337 demonstratum·
961 296 1029 345 sit,
1063 295 1089 334 si
1129 294 1303 348 producti
1322 302 1401 348 pq,
1433 295 1509 336 bini
1530 294 1721 350 fad'toresp
1764 306 1804 336 et

501 373 539 415 q,
579 360 650 400 sint
693 361 859 401 duorum
900 359 1164 411 quadratorum
1211 357 1407 407 tinnmae,
1451 358 1570 412 ipsum
1618 367 1688 413 pq
1720 359 1798 398 fore

499 425 687 465 summam
721 424 884 463 duorum
920 422 1184 474 quadratorum
1204 453 1214 470 ,
1246 421 1334 460 hinc
1369 421 1536 475 legitima
1567 423 1802 475 consequen-

502 489 552 527 tia
582 486 710 526 inferri
744 486 899 540 potest3
935 485 961 526 fi
991 494 1028 524 ct
1048 484 1279 537 productum
1303 493 1333 539 p
1355 496 1391 539 q,
1426 494 1462 524 et
1493 485 1583 526 alter
1608 486 1727 526 faetor
1755 495 1797 540 p,

501 550 571 592 sint
604 549 772 590 summae
801 549 966 589 duorum
998 549 1262 601 quadratorum
1286 579 1297 598 ,
1332 551 1447 587 etiam
1478 547 1637 589 alterum
1683 549 1800 590 faeto-

503 627 585 654 rem
619 625 645 668 q
677 613 756 654 fore
791 611 975 652 summam
1014 612 1175 651 duorum
1220 611 1500 664 quadratorum.
1574 612 1804 653 Huiusmodi

506 679 610 718 enim
645 676 950 729 consequentiam
984 687 1062 714 non
1096 674 1166 714 effe
1199 674 1409 726 legitimam
1429 707 1440 724 ,
1476 676 1534 715 vel
1564 675 1642 715 hoc
1673 689 1806 716 exem—

507 742 614 796 plum
651 741 844 781 euidenter
881 740 1029 778 euincet
1063 755 1071 778 ι
1121 747 1270 777 certum
1320 738 1372 777 est
1412 737 1438 777 si
1474 739 1549 778 bini
1593 738 1752 779 faetores
1778 748 1808 794 p

508 815 547 845 et
580 815 605 859 q
639 804 714 844 sint
744 804 889 842 numeri
927 814 1032 855 pares
1060 834 1069 853 ‚
1111 802 1228 841 etiam
1274 802 1502 854 produCtum
1533 811 1595 856 pq
1629 803 1708 843 fore
1741 815 1805 842 nu-

509 881 660 910 merum
694 878 827 920 parem
849 895 859 909 .
893 865 920 905 si
957 866 1034 918 quis
1067 875 1193 904 autem
1229 863 1318 904 hinc
1352 866 1571 906 concludere
1606 867 1698 907 velit
1732 898 1742 916 ,
1778 865 1805 906 fi

510 931 744 985 produe‘tum
776 937 839 984 pq
870 939 909 968 et
942 928 1033 968 alter
1068 927 1187 968 factor
1210 936 1241 982 p
1272 930 1342 968 sint
1376 931 1519 969 numeri
1536 942 1662 983 pares,
1692 931 1811 969 etiam

510 995 672 1036 alterum
691 993 870 1035 fac“t‹,irem
905 1004 930 1048 q
961 992 1045 1033 fore
1081 1004 1211 1046 parem
1233 1025 1243 1045 ,
1276 993 1306 1032 is
1340 992 1588 1033 vehementer
1613 993 1819 1034 ffllercturr.

630 1125 665 1172 ξ.
703 1132 746 1172 7.
784 1124 910 1180 Quare
944 1121 972 1164 si
1002 1134 1137 1163 verum
1172 1124 1238 1174 sit,
1274 1133 1344 1175 vt,
1376 1135 1463 1163 cum
1500 1120 1726 1176 produc'tum
1756 1127 1828 1176 pq·

517 1196 556 1229 et
589 1188 680 1228 alter
721 1188 800 1227 eius
840 1187 956 1228 fictor
984 1194 1012 1241 p
1056 1186 1190 1226 fuerint.
1243 1186 1412 1226 summae
1452 1188 1612 1226 duorum
1662 1185 1814 1238 quadra-

515 1262 646 1292 torum
683 1281 702 1302 ‚-
737 1251 833 1290 alter
873 1262 1023 1303 quoque
1054 1249 1174 1288 fastor
1207 1261 1232 1302 q
1264 1249 1306 1288 sit
1347 1252 1498 1289 summat
1528 1251 1691 1288 duorum
1727 1260 1817 1301 qua-

514 1315 745 1365 dratorum3
783 1313 877 1352 haec
913 1312 1125 1364 propositio
1157 1324 1233 1352 non
1266 1323 1314 1350 ex
1347 1322 1434 1351 aure
1468 1311 1719 1352 demonstrata
1748 1323 1819 1364 po.-

517 1376 587 1418 'test
603 1375 724 1417 inferri
745 1409 755 1427 ‚
774 1375 834 1415 sed
863 1375 1040 1428 peculiari
1055 1374 1372 1415 demonstratione
1394 1376 1529 1415 muniri
1555 1375 1678 1414 debet.
1716 1374 1823 1415 Haec

518 1452 644 1482 autem
678 1439 952 1480 demonstratio
982 1451 1058 1478 non
1080 1450 1159 1478 tam
1183 1441 1293 1493 plana
1326 1438 1399 1489 est,
1434 1451 1545 1492 quam
1582 1439 1821 1492 pmecedcns,

523 1516 561 1544 et
597 1503 761 1543 nonnisi
794 1516 862 1556 per
897 1503 1019 1555 piures
1051 1503 1228 1555 ambages
1255 1502 1470 1543 concinnari
1489 1503 1610 1555 potest
1638 1534 1649 1555 ,
1678 1513 1722 1542 ac
1755 1501 1823 1541 de.-

526 1567 751 1609 monstratio
770 1567 922 1620 quidem
950 1599 960 1617 ‚
993 1578 1104 1618 quam
1127 1567 1251 1606 inueni
1274 1596 1285 1616 ‚
1323 1565 1370 1604 ita
1403 1576 1622 1620 comparata
1654 1566 1823 1616 videtur,

523 1642 568 1671 vt
603 1643 681 1670 non
718 1631 952 1670 mediocrem
975 1630 1057 1668 vim
1087 1630 1269 1670 ratiocinii
1299 1629 1474 1681 requirat.
1542 1629 1648 1669 lianc
1668 1629 1718 1668 ob
1743 1641 1824 1668 rem

524 1694 803 1748 propositiones
824 1727 834 1742 ‚
868 1705 916 1732 cx
946 1694 1077 1746 quibus
1102 1695 1252 1733 tandem
1284 1704 1361 1731 nou
1395 1691 1511 1732 {ulum
1561 1693 1653 1731 hacc
1688 1691 1827 1730 veritas

523 1758 726 1799 conficitur
746 1790 756 1808 ,
791 1757 850 1797 sed
885 1758 1002 1797 etiam
1034 1757 1130 1797 aliae
1162 1757 1320 1810 insignes
1347 1756 1594 1807 proprietates
1611 1754 1827 1794 huiusmodi

524 1834 773 1863 numerorum
811 1854 822 1873 ‚
870 1822 932 1874 qui
983 1820 1059 1860 sunt
1110 1820 1277 1861 summae
1327 1819 1489 1858 duorum
1533 1818 1793 1871 quadratorum
1815 1849 1826 1868 ,

524 1885 800 1938 cognoscuntur
840 1916 851 1935 ,
904 1897 992 1924 cum
1044 1883 1110 1924 suis
1165 1881 1543 1924 demonstrationibus
1592 1882 1654 1921 hic
1696 1882 1828 1921 ordine

527 1960 745 2002 proponam
766 1978 776 1996 ,
810 1958 1044 1998 operamque
1081 1946 1204 1998 dabo,
1237 1956 1279 1985 vt
1312 1945 1405 1984 nihil
1440 1946 1640 1998 quicquam
1670 1945 1709 1984 in
1727 1945 1830 1996 rigo-

527 2024 568 2052 re
602 2009 882 2051 demonstrandi
914 2009 1106 2049 desiderari
1144 2019 1267 2062 queat.
1335 2009 1386 2048 lis
1438 2018 1562 2049 autem
1585 2041 1595 2060 ‚
1633 2020 1726 2061 quae
1760 2007 1831 2045 ha-

530 2077 661 2116 &enus
689 2074 736 2114 dc
767 2072 824 2113 his
857 2074 1020 2113 numeris
1052 2073 1239 2125 praemifi,
1274 2074 1330 2112 vti
1363 2073 1441 2111 suut
1472 2073 1578 2112 triuia
1610 2081 1648 2109 et
1677 2071 1713 2108 in
1750 2068 1832 2108 rul-

529 2152 596 2193 gus
626 2148 714 2178 nota
734 2171 745 2189 ,
778 2137 828 2176 ita
866 2136 976 2178 instar
1015 2135 1244 2178 lemmatum
1276 2136 1316 2177 in
1349 2136 1580 2191 tequentibus
1603 2131 1831 2175 demonstra-

531 2203 695 2245 tionibus
734 2210 829 2242 vtar.
1675 2197 1703 2239 P
1720 2197 1756 2240 R
1775 2193 1835 2236 O-
