2013 2703
203 144 390 193 RATJO
407 139 613 189 CALOR.
632 139 790 186 RESP.
811 142 980 187 LENT.
1000 144 1076 188 Er
1093 145 1191 189 TH,
1222 147 1353 191 DEF.
1378 160 1464 201 277

165 268 569 310 Thermometrorum
603 262 847 306 diuifionibus
879 275 932 304 ex
966 264 1071 306 hisce
1103 266 1226 307 elucet
1248 297 1260 317 ‚
1290 281 1364 324 qua
1398 281 1463 309 ne-

165 345 241 388 que
274 331 516 374 Demi-anum
537 365 549 384 ‚
580 341 700 384 neque
729 329 939 372 Reaumuri
961 361 973 382 ,
1003 330 1154 384 gaudet.
1192 332 1304 373 Nam

168 473 226 512 42
311 473 370 515 gr.
451 460 615 502 Therm.
703 457 751 500 F.
835 459 1065 513 respondent
1152 471 1232 509 141
1257 454 1274 511 ξ
1310 459 1404 503 Del.

175 531 233 575 34
349 548 369 554 -
486 548 508 556 ..
623 546 643 553 -
759 545 774 553 -
894 545 914 552 -
1031 543 1049 553 -
1153 527 1239 561 106
1260 531 1274 573 ξ
1309 523 1402 567 Del.

171 603 230 639 42
350 610 369 617 -
486 612 504 621 ο
620 611 636 619 -
757 609 774 616 -
894 609 915 618 -
1032 608 1052 616 -
1211 599 1236 637 4
1258 595 1272 637 ξ
1290 590 1460 632 Reaum.

173 657 230 704 84
347 677 365 684 -
483 677 502 683 -
619 674 638 682 -
752 674 768 682 -
889 673 905 680 -
1019 675 1040 683 -
1171 662 1224 699 23
1249 660 1264 702 ᾗ
1289 655 1458 695 Renum.

285 716 509 758 Mirandum
534 715 669 770 absque
694 713 852 755 confilio
871 745 883 764 ‚
912 712 1264 757 Thermomctrum
1293 718 1464 759 Famem-

167 780 379 822 heitianum
414 783 466 822 ita
498 780 755 822 construcstum
787 777 876 820 effe.

161 1099 650 1162 TENTAMEN
702 1100 1156 1161 RATIONEM
1201 1103 1456 1164 CALO-

161 1192 286 1234 RVM
326 1189 802 1234 RESPECTIVORVM
840 1189 1120 1231 LENTIBVS
1163 1193 1241 1233 ET
1276 1192 1456 1238 THER-

454 1254 761 1297 MOMETRIS
800 1254 1166 1297 DEFINIENDI.

645 1375 964 1414 AVCTORE

461 1463 511 1505 G.
545 1464 625 1508 W.
668 1464 1140 1510 R1CHMANN.

745 1596 779 1645 §-
821 1608 858 1637 1.

210 1702 228 1727 n
249 1689 539 1741 cogitationibus
559 1693 656 1732 meis
677 1689 741 1747 β)
762 1694 808 1733 de
842 1695 986 1734 ratione
1020 1693 1186 1736 calorum
1221 1705 1260 1736 et
1291 1695 1442 1738 ratione

235 1753 420 1792 denfitatis
452 1755 639 1796 radiorum
674 1758 909 1798 direstorum
931 1759 976 1797 ad
1008 1758 1232 1799 densitatem
1261 1772 1331 1813 per
1365 1762 1447 1801 len-

156 1823 234 1855 tem
267 1818 509 1857 ress-aetorum
561 1821 702 1861 ostendi
741 1854 753 1872 ,
805 1835 877 1875 qua
927 1822 1074 1861 ratione
1118 1823 1152 1861 in
1194 1823 1443 1866 relatiuorum

155 1881 324 1920 calorum
361 1883 546 1922 rationem
573 1885 837 1939 inquirendum
871 1885 926 1926 fit.
980 1885 1185 1926 Absolutos
1203 1888 1308 1927 enim
1340 1889 1444 1929 calo-

154 1953 212 1982 res
243 1957 492 1997 comparare,
523 1956 591 1998 et,
624 1950 660 1988 in
693 1963 763 2003 qua
783 1952 925 1990 ratione
958 1950 1031 1990 fint
1052 1981 1062 1999 ,
1099 1949 1256 1990 definire
1275 1984 1286 2002 ‚
1317 1965 1439 2006 aeque

152 2003 254 2061 supra
286 2009 429 2049 nostras
462 2011 557 2049 vires
586 2012 752 2064 pofitum
785 2014 838 2056 est
861 2047 873 2066 ‚
904 2027 949 2055 ac
986 2024 1141 2055 motum
1174 2014 1383 2056 abtblutum
1417 2029 1440 2057 a

149 2082 263 2113 motu
314 2074 473 2115 relatiuo
523 2073 748 2118 discernere.

727 2141 771 2183 M
804 2156 845 2183 m
883 2153 906 2191 3
1321 2145 1344 2192 §
1395 2157 1437 2183 2.

150 2200 321 2246 (tJ'Nohs
333 2201 454 2238 Comms
468 2208 554 2237 Tom.
576 2201 1431 2250 111T37470Tseqff‘ss‘
