2013 2703
372 142 1209 189 PARALLAXINLVNAE
1360 158 1446 198 471

164 260 272 303 Mars
304 269 342 300 et
374 261 504 300 Venus
531 259 648 300 ambo
680 258 913 300 definiendae
945 258 1058 299 nostri
1092 258 1295 312 systematis
1334 259 1459 300 solaris

167 325 405 379 amplitudini
442 325 680 364 inseruientes
713 323 905 376 eclipfium
939 322 1105 365 fixarum
1138 337 1159 365 a
1193 323 1355 378 planetis
1387 324 1461 365 dif-

165 389 377 430 ficultatem
411 388 655 442 compensare
691 388 894 439 videntur,
929 399 1018 428 cum
1062 387 1202 442 saepius
1249 390 1295 429 ad
1344 389 1463 429 nebu-

164 453 280 493 lofiim
316 454 440 494 cancri
476 464 514 493 et
547 452 593 492 ad
644 450 806 504 pleiades
857 451 1063 505 appellant.
1132 452 1315 494 Maxima
1368 464 1462 493 vero

163 517 363 558 difficultas
384 551 394 570 ‚
431 518 468 557 in
488 515 723 557 obseruandis
742 514 908 555 fixarum
930 528 950 555 a
971 517 1128 568 planetis
1145 516 1462 558 occultationibus

164 583 298 630 obuia,
335 581 497 621 versatur
531 583 568 620 in
603 591 694 619 vero
729 579 800 619 siue
835 579 1119 632 immersionis,
1152 580 1222 620 siue
1243 580 1463 621 emersionis

163 657 375 687 momento
409 645 666 694 obseruandO,
699 642 914 697 praesertim
950 644 975 684 fi
1014 643 1115 684 stella
1161 644 1268 684 fuerit
1304 643 1462 684 inferio-

164 711 213 750 ris
245 710 411 750 honoris.
479 709 586 749 Hanc
617 708 668 748 ob
701 703 850 748 causam
885 707 1107 748 huiusmodi
1154 707 1309 762 eclipses
1346 719 1466 762 prae-

164 773 390 817 stantissimis
423 774 520 814 tubis
555 773 806 814 micrometris
839 774 995 812 munitis
1029 771 1222 813 obseruare
1253 773 1375 812 decet.

312 838 477 891 Triplici
527 839 698 891 equidem
742 835 866 876 modo
916 838 956 876 in
1008 836 1151 877 calculo
1203 837 1459 889 parallaxium

161 902 395 956 planetarum
431 901 624 954 eclipsibus
658 899 821 942 fixarum
858 900 991 940 innixo
1039 901 1152 941 errari
1188 901 1289 953 posse
1329 902 1460 941 mani-

163 965 295 1006 festum
335 964 397 1004 est.
440 960 510 1020 1⁰.)
540 963 835 1006 considerandus
869 965 922 1005 est
953 977 1057 1005 error
1091 964 1131 1004 in
1164 974 1374 1004 momento
1393 976 1457 1003 ec-

160 1029 312 1082 lipseos,
352 1026 409 1083 ε.)
435 1041 539 1069 error
558 1030 596 1070 in
615 1028 824 1070 differentia
844 1028 1140 1067 meridianorum
1162 1060 1172 1078 ‚
1204 1037 1243 1067 et
1266 1026 1326 1081 3.)
1355 1040 1457 1068 error

162 1095 201 1136 in
235 1093 404 1133 distantia
444 1094 563 1132 centri
616 1092 788 1145 planetae
841 1102 860 1130 a
914 1091 1187 1131 coniunctione
1240 1090 1317 1131 viiii
1368 1105 1458 1132 cum

163 1158 261 1198 stella
296 1168 476 1210 tempore
507 1155 790 1205 immersionis,
823 1153 897 1195 siue
928 1155 1154 1196 emersionis.
1200 1154 1335 1195 Primo
1367 1155 1456 1196 loco

161 1221 380 1262 nominatus
413 1233 516 1262 error
546 1233 594 1261 eo
626 1219 833 1273 prouenit,
864 1220 964 1273 quod
991 1219 1152 1260 fixarum
1174 1232 1194 1260 a
1215 1219 1374 1273 planetis
1392 1232 1457 1260 oc-

163 1286 386 1325 cultationes
420 1298 498 1325 non
533 1296 652 1339 aeque
687 1284 755 1325 sint
787 1294 1084 1324 momentaneae
1113 1297 1155 1324 ac
1195 1296 1322 1323 earum
1360 1284 1456 1324 ecli-

160 1348 242 1403 pses
259 1362 279 1389 a
299 1348 423 1389 Luna.
460 1350 621 1403 Propter
637 1349 827 1388 radiorum
856 1347 1011 1387 luminis
1036 1348 1296 1388 dilatationem
1318 1349 1422 1388 enim
1444 1379 1455 1400 ,

161 1412 391 1454 diametrum
426 1412 598 1467 planetae
630 1410 931 1466 amplificantem
953 1445 964 1464 ‚
1000 1411 1097 1452 stella
1119 1424 1184 1465 per
1212 1412 1453 1452 interuallum

163 1478 347 1530 temporis
377 1489 426 1516 eo
460 1477 638 1530 longius,
670 1489 746 1530 quo
776 1474 954 1529 planetae
991 1487 1115 1516 motus
1147 1489 1169 1516 e
1212 1486 1309 1516 terra
1362 1477 1457 1516 visus

162 1542 304 1580 tardior
323 1573 333 1591 ,
370 1540 538 1592 planetae
572 1541 731 1595 margini
751 1539 941 1580 inhaerere
961 1540 1111 1581 videtur
1132 1573 1142 1591 ,
1174 1539 1429 1593 paulatimque
1443 1571 1454 1590 ‚

163 1604 186 1644 fi
221 1603 322 1643 stella
352 1602 462 1643 fuerit
495 1617 635 1657 parua,
670 1603 892 1644 euanescens
925 1617 945 1644 a
998 1605 1148 1658 planeta
1187 1635 1196 1654 ,
1251 1604 1314 1643 vbi
1363 1604 1456 1644 radii

162 1667 314 1708 luminis
331 1667 509 1708 circulum
529 1668 768 1708 aberrationis
786 1667 1050 1708 constituentes
1069 1667 1149 1707 sunt
1175 1666 1449 1719 fulgentissimi,

162 1744 241 1771 non
276 1731 460 1784 amplius,
495 1731 559 1772 vel
592 1743 676 1772 ante
712 1745 846 1773 verum
878 1732 1136 1772 immersionis
1168 1731 1255 1785 post
1275 1731 1453 1785 planetae

161 1808 298 1849 corpus
333 1805 576 1836 momentum
600 1829 610 1848 ,
642 1797 798 1837 discerni
834 1796 969 1850 potest.

311 1857 499 1900 Ponamus
531 1870 678 1902 motum
706 1862 881 1915 planetae
902 1859 1095 1901 horarium
1118 1859 1153 1898 in
1174 1858 1452 1913 longitudinem

162 1923 201 1962 in
238 1922 397 1963 minutis
429 1922 591 1964 secundis
622 1926 832 1979 expressum
867 1937 919 1963 z
940 1939 978 1965 m
998 1957 1007 1974 ‚
1044 1934 1080 1964 et
1113 1925 1291 1976 exiguam
1312 1924 1453 1965 distan-

163 1989 258 2027 tiam
285 2019 293 2037 ‚
329 2000 398 2040 qua
421 1986 519 2027 stella
539 2000 559 2028 a
582 1990 747 2042 margine
767 1989 940 2042 corporis
960 1989 1134 2043 planetae
1155 1988 1273 2029 abesse
1294 1989 1414 2042 posset
1436 2020 1447 2038 ‚

163 2060 357 2104 tempore,
393 2064 471 2104 quo
505 2051 617 2092 oculo
650 2064 799 2095 armato
832 2054 902 2093 sese
937 2054 1046 2103 iam,
1080 2062 1242 2106 propter
1277 2052 1451 2106 amplifi-

159 2125 284 2155 catam
320 2115 546 2157 diametrum
568 2149 580 2170 ,
630 2117 841 2161 subduxerit
874 2130 930 2159 z
950 2114 992 2160 ὃ.
1036 2117 1198 2160 Proinde
1250 2129 1358 2159 error
1408 2117 1449 2156 in

1360 2191 1449 2220 mo·
