2013 2703
168 139 452 188 LENTIBVS
482 135 564 183 ET
584 131 1065 182 THERMOMETRIS
1097 135 1299 181 DEFIN.
1369 143 1457 188 297

208 262 284 310 30)
351 282 368 290 -
437 271 522 300 202
625 282 642 290 ·
737 261 798 299 66
882 283 899 291 -
971 267 1028 308 59
1111 281 1130 290 -
1196 269 1330 309 2043
1358 274 1364 298 :
1398 271 1417 299 1

208 336 283 377 31)
347 346 364 354 ·
436 336 517 364 211
626 346 647 355 -
747 326 808 363 66
888 329 909 354 ’-
979 334 1036 372 59
1115 348 1132 356 -
1200 333 1362 371 21.71:
1405 337 1420 365 1

197 398 275 446 32)
343 410 357 419 -
427 399 509 437 205
615 410 636 418 -
735 391 796 427 66
883 410 903 421 -
973 397 1029 439 59
1114 413 1134 423 -
1203 390 1362 428 2086:
1403 399 1422 428 ι

207 462 284 505 33)
350 478 366 485 -
441 461 524 501 183
626 479 640 486 -
740 456 800 490 66
885 477 905 486 -
975 462 1032 501 59
1114 472 1151 482 -·
1204 462 1363 501 17.71:
1407 463 1422 492 ι

210 526 284 569 34)
349 546 362 553 -
431 525 512 560 218
613 537 631 547 -
726 520 784 565 67
880 534 898 545 -
967 529 1025 564 59
1114 542 1130 549 -
1203 521 1362 564 19.88:
1402 527 1422 557 1

211 594 289 637 35)
354 607 370 616 -
443 594 525 621 211
614 602 637 609 -
738 583 797 630 67
881 602 901 609 -
971 589 1028 628 59
1112 601 1134 610 ·
1202 591 1256 627 19
1354 600 1363 618 t
1403 592 1423 618 1

407 681 523 729 7567
595 685 789 728 2484.25
888 689 1020 725 2190.

256 744 358 789 med.
383 745 516 783 216.2
654 750 785 795 70.98
871 744 1009 795 6257
1202 747 1366 786 1828:
1406 755 1425 782 1

288 874 323 924 §.
364 886 434 923 23.
470 871 659 914 Videmus
699 885 791 928 ergo
825 884 875 913 ex
913 869 1234 914 obstruationibus
1265 883 1355 913 cum
1389 882 1468 914 vna

171 938 269 981 lente
302 938 470 978 institutis

244 1006 299 1051 ι.)
332 1001 496 1053 Semper
528 999 647 1041 ferme
690 1014 711 1041 a
750 1001 876 1042 calore
917 1002 1053 1044 maiori
1095 1002 1259 1044 maiores
1299 1001 1467 1043 excessus

266 1064 497 1105 dilatationis
531 1064 682 1117 prodire
709 1096 719 1115 ‚
765 1076 881 1117 quam
925 1064 1128 1106 secundum
1173 1065 1365 1105 rationem
1411 1065 1468 1105 in-

268 1128 411 1169 ter-firm
447 1129 718 1184 quadratorum
753 1128 1013 1171 dtstantiarum
1049 1141 1070 1171 a
1105 1127 1192 1170 foco
1224 1129 1380 1183 prodire
1400 1129 1468 1170 de·

266 1194 412 1234 herent.
1313 1197 1318 1204 “

247 1257 303 1312 2.)
340 1259 402 1299 Eo
426 1257 547 1310 magis
578 1256 753 1297 recedere
788 1255 1027 1299 dilatationes
1061 1271 1082 1298 a
1116 1257 1198 1313 lege
1219 1289 1230 1309 ,
1270 1268 1349 1311 quo
1382 1267 1468 1298 ma-

267 1323 322 1376 gis
355 1320 518 1361 crescunt
553 1320 706 1359 calores.
773 1319 880 1363 Haec
923 1323 1059 1362 rationi
1100 1322 1212 1363 valde
1252 1319 1468 1363 conformia

271 1387 351 1424 sunt
392 1394 431 1424 et
467 1383 613 1438 prorsus
654 1386 841 1426 contraria
879 1385 945 1437 iis,
980 1399 1074 1440 quae
1110 1389 1131 1437 ᾧ
1168 1388 1230 1425 16.
1273 1396 1325 1425 ex
1343 1383 1468 1425 obser-

269 1449 484 1490 vationibus
523 1461 612 1490 cum
649 1449 790 1491 duabus
821 1450 981 1491 lentibus
1014 1452 1137 1508 captis
1170 1449 1332 1492 deducta
1375 1448 1469 1491 sunt.

328 1577 361 1624 ξ.
403 1589 474 1628 24.
512 1577 566 1616 Vt
585 1577 789 1619 distinetius
809 1579 941 1621 omnia
970 1589 1156 1634 pateant,
1189 1578 1470 1620 obseruationes

179 1647 214 1683 in
251 1642 524 1694 compendium
562 1643 730 1683 mittam.

247 1726 354 1779 Exp.
391 1723 460 1764 IV.
498 1723 592 1766 Sunt
627 1725 798 1767 excessus
831 1728 1061 1771 dilatationis
1103 1726 1223 1770 medii
1268 1727 1374 1780 supra
1414 1724 1468 1765 di-

271 1789 497 1829 latationem
536 1789 573 1829 in
609 1791 744 1831 vmbra
778 1792 832 1831 vti
897 1818 910 1823 -
977 1814 995 1821 —
1063 1813 1077 1820 -
1151 1803 1170 1830 1
1215 1805 1222 1831 ;
1277 1806 1320 1843 4.
1359 1795 1469 1843 485.

272 1853 454 1896 Exceffizs
471 1852 602 1894 caloris
622 1855 883 1907 respondentes
902 1856 1051 1906 assumti
1072 1857 1126 1897 vti
1152 1868 1168 1894 1
1215 1871 1222 1896 ;
1276 1869 1319 1906 4.

274 1919 362 1959 hinc
400 1916 501 1955 vires
536 1917 763 1959 attrahentes
784 1922 959 1962 mercurii
984 1920 1079 1976 resp.
1152 1927 1470 1972 4.485:4.000.

247 2003 350 2057 Exp.
390 2000 440 2039 V.
474 2001 549 2040 sunt
585 2001 700 2041 iidem
734 2004 902 2045 excessus
938 2005 1038 2045 drlat.
1141 2016 1158 2042 1
1203 2021 1209 2046 ;
1250 2017 1398 2056 10.25.

272 2066 440 2110 excessus
475 2066 610 2106 caloris
645 2065 907 2118 respondentes
940 2070 995 2110 vti
1137 2083 1152 2108 1
1198 2084 1205 2110 :
1242 2084 1279 2120 9.

274 2131 364 2172 hinc
402 2129 502 2169 vires
536 2129 770 2170 attrahentes
803 2134 977 2188 respond.
1016 2133 1074 2174 vti
1100 2146 1229 2187 ¹0·25
1270 2150 1277 2175 ;
1316 2128 1423 2185 9.οό

241 2196 368 2238 Torn.
405 2192 474 2234 IV.
513 2193 619 2235 Nou.
657 2191 776 2234 Com.
954 2197 982 2237 P
1016 2211 1044 2253 p
1357 2199 1467 2252 Exp.
