2013 2703
335 147 602 194 LVNAE
648 145 1193 192 PARALLAXIN
1342 160 1431 202 473

146 266 245 309 stella
279 261 305 305 δ
341 266 466 305 arietis
497 264 596 304 adeo
626 262 729 304 arete
764 264 1037 314 coniungitur,
1072 272 1116 303 vt
1150 262 1227 302 eius
1271 274 1291 303 a
1334 275 1439 317 prae-

147 331 247 372 diet-i
285 330 381 370 stella
420 330 576 369 boream
610 327 733 368 versus
768 327 936 367 distantia
976 336 1093 366 tutura
1137 326 1179 368 sit
1214 327 1327 367 valde
1358 327 1443 368 exi-

147 409 246 449 guzi,
282 395 337 433 vel
374 395 489 433 firrlan
524 392 636 433 nulla.
704 391 750 432 In
785 391 936 432 Venere
977 390 1068 431 hacc
1104 391 1308 440 obtinent,
1352 403 1443 433 cum

144 462 245 500 inter
282 457 567 510 elongationem
625 469 644 496 a
706 455 828 507 Sole,
878 455 945 497 vbi
1011 455 1190 495 maxime
1245 453 1445 507 splendet,

145 534 183 563 et
261 522 573 562 coniunctionem
652 519 874 561 inferiorem
936 531 1024 560 cum
1076 518 1164 560 Sole
1216 519 1443 560 intermedia

147 586 320 627 xersatur.
410 587 597 627 Pon-amus
644 596 680 624 e.
725 596 781 638 gr.
827 593 982 624 motum
1026 583 1166 624 horum
1212 584 1446 636 planetarum

149 652 362 692 alterutrius
403 651 579 691 diurnum
612 679 623 699 ,
668 649 729 689 die
769 660 848 702 quo
892 647 1034 689 stellam
1077 647 1199 688 fixam
1251 647 1446 700 occultat,

150 730 199 757 :3
220 720 247 753 6
257 714 266 725 ‘
287 749 297 767 ‚
333 715 393 755 vel
429 717 504 755 eius
546 723 696 755 motum
743 711 938 754 horarium
992 713 1030 752 iu
1076 713 1353 764 longitudmcm
1388 721 1445 752 z

148 786 231 828 15³¹
261 814 272 831 ‚
304 779 508 819 occultatio
528 790 619 817 veto
646 777 836 818 obseruata
863 777 906 817 sit
927 789 947 816 e
976 777 1118 817 duobus
1138 778 1174 816 in
1194 776 1324 816 tellure
1352 775 1442 816 lotis

146 844 262 898 longe
296 841 426 883 dillitis
449 874 458 893 ,
494 855 532 882 v.
554 854 589 896 g.
622 841 812 896 Petropoli
840 850 879 881 et
907 841 945 881 in
973 842 1060 880 vico
1087 839 1374 882 Bolselierczkoi
1398 840 1438 881 in

148 927 248 959 terra
282 914 548 956 Camtschatka
569 949 580 968 ,
611 915 660 956 ita
693 926 737 954 vt
761 898 1225 976 5¹'¹'c‘{][¹}‘ss—}—s²'²·ws3sff'ff‘2
1260 926 1313 952 :t
1340 925 1377 951 1.
1408 923 1429 962 5

145 994 259 1036 quam
295 979 485 1032 proxime.
521 979 605 1020 Iam
638 978 665 1020 fi
698 979 737 1019 in
770 979 981 1020 differentia
1002 979 1306 1020 Metidianorum
1332 980 1443 1030 prae·

142 1046 337 1086 distorum
377 1044 550 1085 locorum
585 1045 814 1096 supponatur
845 1053 948 1081 error
981 1042 1118 1095 integri
1153 1042 1291 1083 minuti
1322 1041 1438 1094 primi

150 1109 366 1162 temporis,
418 1107 655 1148 manifestum
690 1104 772 1157 cst,
813 1117 978 1146 errorem
1010 1105 1099 1148 hinc
1133 1105 1366 1162 pendentem
1402 1106 1442 1150 in

150 1181 336 1222 Parallaxi
360 1179 529 1233 planetae
546 1177 776 1221 horizontali
797 1164 901 1233 adssgss
935 1188 1081 1219 tantum
1114 1179 1317 1232 assurgere,
1347 1177 1444 1219 adeo

148 1255 193 1285 vt
233 1257 312 1285 nou
357 1244 527 1284 obstante
579 1254 706 1286 errore
749 1252 801 1293 15
849 1243 945 1284 min.
998 1244 1115 1297 prim.
1156 1245 1195 1284 in
1234 1242 1443 1286 differentia

147 1309 430 1363 longitudinum
463 1309 635 1349 locorum
668 1307 838 1360 planetae
872 1306 1068 1362 parali-axis
1107 1307 1261 1350 caeteris
1290 1308 1443 1363 paribus

144 1374 194 1413 ad
230 1384 379 1427 partem
414 1372 464 1412 sui
502 1379 588 1415 180
622 1370 771 1413 definiri
800 1380 928 1427 queat,

296 1436 340 1478 In
377 1437 595 1478 maximam
631 1444 758 1476 autem
793 1434 1054 1478 difficultatem
1089 1436 1272 1478 incurrere
1292 1437 1444 1482 videtur

146 1499 296 1540 summa
328 1513 419 1540 cum
455 1500 649 1554 diligentia
684 1509 860 1555 tempore
881 1501 1134 1542 immersionis
1153 1503 1440 1545 determinanda

147 1564 316 1618 planetae
336 1576 356 1602 a
375 1564 649 1605 coniunctione
670 1565 742 1606 visa
762 1577 847 1606 cum
869 1564 970 1605 stella
990 1567 1027 1606 in
1054 1567 1229 1620 ecliptica
1249 1567 1440 1620 distantia,

147 1640 239 1682 quae
260 1628 450 1681 duplicem
471 1628 521 1668 ob
540 1628 687 1669 causam
706 1640 864 1670 erronea
883 1631 1043 1669 euadere
1063 1630 1182 1684 potest
1201 1663 1210 1681 ‚
1230 1631 1368 1684 partim
1389 1638 1441 1672 ob

144 1703 312 1731 errorem
334 1692 370 1730 in
388 1692 595 1733 differentia
618 1724 627 1743 ,
661 1692 732 1734 flue
751 1693 1017 1744 altitudinum,
1051 1694 1124 1737 siue
1145 1695 1439 1737 declinationwn

147 1756 323 1810 planetae
365 1764 402 1794 et
453 1755 605 1809 stellae,
643 1758 785 1812 partim
837 1758 889 1798 ob
928 1756 1116 1798 summam
1169 1758 1437 1800 difficultatem

146 1819 320 1861 accurate
370 1819 586 1861 obseruandi
635 1822 875 1875 planetarum
936 1823 1143 1863 diametros
1201 1833 1438 1876 apparentes.

148 1883 376 1925 Astronomi
413 1883 692 1936 exquisitissimis
725 1887 980 1928 instrumentis
1014 1888 1200 1941 variisque
1234 1887 1359 1928 modis
1390 1889 1438 1928 de

147 1948 341 1988 diametris
376 1947 610 2000 planetarum
644 1951 943 1991 determinandis
974 1951 1103 1990 adnixi
1134 1962 1216 1990 rem
1248 1951 1326 1992 iam
1346 1964 1437 1992 con-

149 2011 380 2053 summatam
418 2011 729 2067 exploratamque
764 2014 835 2054 esse
870 2015 938 2053 vix
971 2014 1146 2054 fatentur.
1200 2012 1302 2055 Cum
1340 2027 1436 2056 vero

151 2076 196 2116 ad
243 2075 424 2115 calculum
478 2075 710 2129 parallaxeos
756 2078 1002 2120 horizontalis
1041 2079 1310 2119 instituendum
1367 2080 1438 2119 dif-

149 2139 304 2180 ferentia
351 2139 476 2191 potius
517 2139 810 2185 differentiarum
854 2156 969 2196 quam
1003 2142 1165 2185 absoluta
1207 2143 1379 2199 planctae
1414 2156 1434 2187 a

213 2204 337 2245 Tom.
358 2202 429 2245 IV.
465 2203 572 2246 Nou.
597 2201 713 2247 Com.
875 2207 914 2248 Ο
933 2220 958 2248 o
977 2220 1004 2248 o
1265 2209 1429 2249 conian-
