2013 2703
565 189 619 226 50
775 175 873 219 DE
940 171 1640 220 CONSTRVCTIONE

560 305 793 357 concipiatur
841 313 920 343 tam
973 303 1171 342 elemento
1222 313 1331 354 quam
1379 314 1496 343 vento
1548 303 1690 357 insuper
1723 311 1845 344 motus

559 368 718 421 aequalis
759 377 798 406 ct
836 367 1038 406 contrarius
1067 368 1098 405 ei
1121 393 1132 412 ,
1173 377 1251 418 quo
1290 365 1527 406 elementum
1565 364 1601 407 Z
1639 378 1844 418 mouetur,

558 431 756 483 imprimi,
794 438 835 468 vt
878 429 952 469 hoc
1009 431 1129 469 modo
1162 428 1283 482 ipsum
1335 429 1566 470 elementum
1599 432 1645 470 ad
1679 432 1845 483 quietem

557 496 784 545 reducatur,
819 502 928 546 atque
978 494 1083 532 venti
1137 502 1260 532 motus
1293 493 1467 533 relatiuus
1520 493 1559 532 iu
1612 494 1845 534 elementum

555 557 781 597 obtineatur.
870 554 1041 596 Ducatur
1091 567 1186 608 ergo
1236 552 1273 595 Z
1305 568 1330 596 z
1363 557 1429 610 ipsi
1479 556 1521 598 Y
1557 570 1592 608 y
1643 557 1847 611 parallela,

559 620 798 674 capiaturque
832 615 870 659 Z
901 632 926 659 z
977 621 1023 659 ad
1060 615 1096 659 Z
1138 619 1178 659 Y
1221 619 1259 658 in
1306 620 1449 659 ratione
1501 620 1698 661 celeritatis
1729 620 1770 651 ¹¹—⁵
1802 619 1847 659 ad

1737 657 1756 684 J

558 697 793 738 celeritatem
826 710 846 737 e
864 729 876 748 ,
906 707 947 737 vt
980 697 1020 736 fit
1055 695 1091 737 Z
1121 709 1146 736 z
1167 710 1219 736 :z
1253 690 1309 722 Ἢ
1372 710 1413 736 ac
1433 697 1723 750 repraesentante
1751 695 1788 737 Z
1809 696 1851 740 Y

1252 733 1266 750 θ
1328 731 1337 749 ²

558 773 689 801 veram
728 762 832 801 venti
862 760 1086 800 celeritatem
1113 773 1132 800 e
1150 793 1161 810 ,
1192 729 1415 803 eiusjmotus
1440 761 1611 802 relatiuus
1634 773 1850 814 compone-

557 834 616 865 tur
648 836 697 864 ex
732 835 843 865 motu
882 823 1075 864 secundum
1125 821 1162 864 Z
1198 824 1238 865 Y
1272 836 1309 865 et
1360 834 1472 863 motu
1511 825 1704 864 secundnm
1739 822 1775 863 Z
1811 838 1851 864 z.

553 885 804 940 Compleatur
822 900 914 941 ergo
933 886 1331 941 parallelogrammum
1354 884 1391 927 Z
1412 888 1448 928 Y
1474 889 1507 927 V
1530 901 1555 928 z
1578 921 1587 938 ‚
1628 890 1702 927 erit
1742 888 1781 928 Y
1811 887 1847 928 V

644 953 703 971 uxz

558 971 613 997 τ
646 980 698 1018 Τ]
743 968 781 998 et
830 971 920 998 cum
972 957 1067 1010 Yy
1117 958 1153 997 in
1193 959 1377 999 directam
1415 959 1581 1010 iacebit3
1624 971 1699 1010 qno
1746 959 1846 999 facto

554 1023 758 1077 diagonalis
791 1018 828 1061 Z
860 1021 894 1061 V
932 1021 1063 1061 referet
1097 1021 1346 1063 direffionem
1402 1023 1506 1060 venti
1566 1021 1757 1059 relatiuam
1811 1024 1849 1061 in

553 1086 790 1128 elementum
823 1081 861 1124 Z
882 1117 893 1136 ‚
927 1094 1039 1137 atque
1073 1085 1237 1125 celeritas
1269 1085 1418 1125 relatiua
1447 1086 1517 1123 erit
1551 1085 1592 1122 ad
1614 1083 1847 1125 celeritatem

555 1160 689 1190 veram
722 1161 774 1200 e,
822 1156 868 1187 vt
901 1147 953 1187 est
986 1143 1024 1187 Z
1058 1147 1095 1186 V
1127 1148 1172 1187 ad
1195 1146 1231 1189 Z
1273 1148 1314 1189 Y
1335 1179 1346 1199 ‚
1378 1148 1427 1186 ita
1475 1157 1515 1186 vt
1548 1147 1709 1186 celeritas
1750 1149 1849 1189 rela-

555 1219 634 1259 tiua
677 1220 719 1260 sit
751 1231 805 1259 z:
839 1205 904 1271 ἐξ.
925 1230 970 1257 e:
1005 1217 1144 1272 Qiodfi
1164 1231 1258 1271 ergo
1289 1219 1469 1268 tantisper
1489 1218 1670 1269 angulum
1691 1250 1701 1268 ,
1736 1232 1849 1270 quem

554 1282 717 1323 directio
761 1279 799 1320 Z
843 1283 879 1322 V
917 1292 1007 1319 cum
1031 1280 1187 1332 planitie
1213 1281 1389 1320 elementi
1413 1280 1604 1319 constituit
1624 1313 1633 1328 ,
1669 1294 1855 1333 ponamus

553 1364 610 1391 :-
643 1367 673 1393 ω
709 1351 785 1391 erit
816 1352 875 1392 vis
896 1350 1089 1390 elemento
1126 1351 1299 1403 impressa
1334 1363 1385 1389 :z
1405 1335 1479 1403 {eg
1510 1364 1529 1389 e
1547 1363 1566 1389 e
1585 1351 1612 1389 d
1629 1348 1654 1388 S
1677 1350 1740 1388 sin.
1771 1349 1815 1391 ω2
1838 1367 1844 1374 ·

1636 1414 1762 1434 ΙΗᾹῖςῖΖ
1837 1385 1849 1406 ’

554 1421 615 1462 seu
665 1435 752 1463 cum
788 1421 832 1462 fit
876 1417 914 1461 Z
935 1418 989 1462 V‘
1008 1431 1063 1457 Ξ
1085 1416 1122 1459 Ζ
1142 1418 1319 1467 Y'÷Y
1340 1415 1391 1458 V²
1413 1434 1467 1459 Ξ
1487 1434 1513 1461 z
1532 1435 1556 1461 z
1577 1429 1613 1467 †
1638 1442 1736 1482 τυ]
1782 1423 1852 1462 erit

555 1492 651 1533 haec
686 1505 742 1532 vis
773 1505 828 1531 z
848 1489 884 1546 (e
901 1505 921 1532 e
940 1498 1005 1538 -†—
1026 1484 1121 1550 “Jj‘
1142 1491 1153 1546 )
1174 1491 1241 1531 dS
1275 1487 1394 1531 finti?
1414 1524 1424 1541 ,
1460 1503 1552 1544 quae
1573 1493 1607 1531 in
1646 1495 1846 1545 planitiem

554 1557 736 1596 elementi
767 1555 822 1596 est
863 1555 1050 1596 normalis.
1115 1555 1303 1596 Ponamus
1321 1555 1394 1594 iam
1426 1554 1521 1594 lianc
1558 1555 1751 1608 planitiem
1790 1557 1849 1597 seu

557 1620 714 1674 planum
747 1629 899 1672 tangens
932 1617 1161 1672 superficiem
1203 1621 1242 1658 in
1294 1619 1438 1670 puntsto
1472 1615 1509 1657 Z
1550 1620 1666 1671 plano
1704 1621 1848 1660 tabulae

558 1696 752 1724 occurrere
786 1696 824 1723 in
857 1681 956 1723 resta
986 1681 1022 1722 E
1056 1682 1086 1723 F
1108 1715 1118 1733 ‚
1150 1683 1195 1722 ad
1229 1694 1342 1735 quam
1383 1694 1430 1721 ex
1464 1682 1504 1722 Y
1541 1684 1846 1735 perpendiculam

558 1747 715 1788 ducatur
748 1746 788 1787 Y
809 1747 878 1796 Τ,
912 1755 953 1785 ct
986 1745 1092 1786 exY
1113 1746 1151 1785 in
1184 1745 1340 1786 ductam
1365 1741 1400 1786 Z
1435 1745 1473 1784 T
1505 1748 1680 1786 normalis
1719 1756 1849 1800 agatur

559 1811 599 1852 Y
632 1811 702 1861 O,
736 1811 807 1850 erit
841 1809 933 1849 haec
975 1810 1013 1849 in
1057 1809 1174 1862 ipsam
1195 1809 1350 1861 planum
1398 1810 1738 1862 perpendicularis,
1787 1811 1847 1850 cui

558 1874 586 1914 si
620 1873 793 1926 paralleli
826 1872 980 1913 ducatur
1011 1868 1048 1912 Z
1072 1872 1110 1913 Ν
1146 1872 1270 1912 restae
1299 1872 1338 1911 T
1357 1872 1397 1914 Y
1418 1873 1621 1926 produc'tae
1651 1885 1849 1913 occurrens

559 1939 597 1976 in
635 1936 674 1976 N
696 1968 706 1987 ,
742 1935 922 1976 erithace
943 1932 981 1976 Z
1015 1935 1053 1978 N
1080 1936 1240 1975 directio
1258 1936 1453 1976 secundum
1475 1949 1588 1989 quam
1609 1936 1845 1976 clementum

558 1997 597 2041 Z
629 2012 655 2040 a
692 2010 809 2039 vento
841 1999 1068 2052 impelletur.
1134 1999 1254 2039 Porro
1286 2012 1338 2040 ex
1358 2000 1394 2038 V
1421 2001 1458 2039 in
1478 2000 1566 2041 TY
1600 2000 1843 2054 perpendicu-

553 2063 636 2105 lum
676 2062 713 2101 V
732 2063 761 2103 P
792 2063 1013 2103 demittatur
1033 2095 1043 2114 ,
1076 2062 1247 2116 itemque
1282 2075 1333 2104 cx
1365 2063 1393 2103 P
1419 2064 1457 2103 in
1494 2060 1578 2104 ZT
1600 2063 1844 2117 perpendicu-

557 2127 640 2168 lum
671 2125 791 2183 ΡΩ,
822 2136 930 2181 atque
961 2135 1006 2166 vt
1040 2126 1076 2165 in
1111 2125 1288 2168 solutione
1306 2128 1566 2182 praecedentis
1590 2126 1843 2180 problematis

1685 2188 1849 2230 vidimus
