2013 2703
530 168 1023 217 MAGNETIC'A
1334 191 1437 232 239

136 288 320 345 plioribus
352 288 523 330 lateribus
557 290 619 330 sibi
653 291 840 344 impositis
873 293 922 332 ita
940 292 1215 346 coniungebam
1238 327 1248 347 ,
1282 303 1326 336 vt
1348 298 1426 339 duo

135 352 304 395 boreales
340 355 417 406 poli
453 367 477 393 a
497 354 520 394 b
554 366 602 393 ex
637 367 717 394 vno
751 355 863 395 latere
897 363 937 395 et
969 356 1045 395 duo
1077 357 1241 398 australes
1275 360 1342 400 cd
1371 372 1424 403 ex

136 418 254 458 altero
288 419 608 468 terminarentur,
646 419 684 457 in
715 421 850 458 eodem
883 419 1003 458 ferme
1036 420 1152 471 plano
1173 452 1184 470 ,
1223 422 1427 476 interposi-

134 490 250 533 toque
285 481 330 520 ab
362 481 479 520 altera
512 483 755 521 extremitate
787 482 897 522 frusto
942 482 1035 533 ligni
1054 483 1087 522 t(
1110 517 1120 535 ,
1149 483 1317 526 lamellas
1336 497 1426 528 vet.

132 544 259 583 ticales
295 545 441 584 abed
472 543 693 584 horizontali
725 545 790 597 es
814 546 864 583 ira
900 543 1144 596 imponerem
1187 579 1198 598 ,
1253 557 1298 587 vt
1341 549 1424 601 poli

134 607 301 648 boreales
339 608 571 647 verticalium
614 606 851 646 lamen-„irum
888 604 969 657 gh
1017 608 1243 660 respicerent
1286 612 1424 663 polum

132 671 326 712 australem
359 670 572 710 subiacentis
601 682 621 708 e
627 669 663 724 f
685 678 724 708 et
758 670 837 722 poli
855 668 1028 709 australes
1056 673 1293 713 verticalium
1322 674 1422 716 nim.

129 732 193 773 lm
233 735 364 787 polum
402 734 588 774 borealem
623 732 841 772 liibiacentis
869 734 953 790 ef,
985 733 1240 790 duceremque
1282 736 1422 779 lamel-

131 794 184 836 las
216 796 364 838 abed
392 807 500 836 antro
534 806 575 836 et
607 805 709 836 retro
742 795 894 850 saepius.

191 858 232 914 a)
267 860 521 900 Horizontalis
556 873 575 900 e
584 861 623 915 f
659 861 867 913 accipiebat
899 858 962 916 (1)
995 861 1176 903 virtutem
1221 865 1421 916 magneti-

240 936 326 964 cam
349 956 359 974 ,
391 934 505 976 qnam
525 934 631 963 antea
653 936 727 964 non
763 920 920 965 habebat
938 955 948 974 ,
985 927 1046 977 (2)
1080 927 1264 968 virtutem
1293 928 1420 969 maio·

241 999 323 1026 rem
347 1017 356 1035 ‚
393 999 508 1039 qnam
542 987 736 1027 tertie-ales
765 997 988 1041 acceperant
1019 1001 1096 1042 ope
1129 1002 1233 1031 veru.

188 1046 226 1102 b)
261 1049 505 1088 Ver-ticalinm
539 1058 663 1089 tamen
698 1048 815 1088 virtus
851 1052 913 1089 tali
949 1051 1094 1090 ratione
1127 1053 1321 1094 debilitata
1347 1054 1419 1095 est.

280 1107 439 1152 Michsl
473 1113 701 1151 contrarium
736 1111 855 1151 ass'erit
898 1113 936 1151 in
968 1113 1125 1152 tractatu
1160 1115 1309 1156 laudato
1335 1116 1416 1157 scil.

125 1175 287 1216 crescere
320 1176 381 1216 tali
418 1177 694 1227 permutatione
727 1174 962 1215 lamellarnm
1000 1175 1181 1216 virtutem
1224 1187 1419 1230 perpetuo

124 1250 242 1290 Vsque
276 1240 321 1279 ad
353 1238 554 1279 definitum
588 1241 760 1291 gradum.
830 1238 902 1277 Vel
936 1239 1050 1290 igitur
1079 1239 1139 1278 ille
1173 1252 1251 1279 non
1286 1241 1416 1283 obstr-

124 1305 228 1341 vanit
259 1304 545 1342 decrementum
579 1301 725 1340 virtutis
754 1298 994 1339 lamellarum
1032 1301 1269 1342 verticalium
1302 1336 1313 1353 ,
1347 1303 1415 1346 vel

124 1377 197 1414 ego
230 1366 389 1405 imitatus
422 1366 733 1418 experimentum
752 1363 908 1417 peccaui
924 1363 961 1404 in
982 1362 1102 1417 aliqua
1121 1363 1412 1424 circumstantia3

511 1490 886 1538 EXPERIM.
939 1490 1021 1534 IX.

271 1588 479 1631 Debilitata
511 1587 747 1630 lamellarum
786 1591 928 1632 virtute
950 1623 960 1641 ‚
995 1599 1040 1631 vt
1081 1588 1154 1631 vix
1187 1586 1405 1646 scrupulum

116 1654 201 1695 strri
233 1654 487 1704 attraherent,
520 1652 722 1707 iungebam
757 1655 974 1708 abcdej
996 1685 1006 1705 ,
1042 1656 1090 1695 ita
1121 1665 1166 1694 vt
1184 1655 1356 1697 lamellae
1376 1656 1419 1711 f

118 1719 337 1758 extremitas
359 1731 390 1770 g
422 1717 561 1756 lineam
596 1718 744 1757 circiter
778 1719 1018 1770 promineret
1050 1751 1061 1769 ,
1094 1717 1188 1756 haec
1219 1721 1407 1758 extremi-

117 1790 171 1820 tas
197 1795 228 1833 g
263 1781 431 1821 trahebat
466 1780 585 1820 statim
617 1790 643 1829 7
679 1780 905 1831 drachmas,
940 1789 979 1819 et
999 1790 1109 1834 prout
1128 1779 1291 1820 laminae
1310 1793 1406 1833 pro·

117 1845 298 1884 mint-ntis
330 1844 446 1884 virtus
478 1843 606 1884 minor
637 1854 715 1885 erat
749 1852 787 1883 et
823 1844 968 1897 pondus
1010 1843 1098 1883 ferri
1139 1842 1404 1885 attrahendum

118 1908 236 1947 mains
275 1941 284 1959 ‚
332 1920 380 1947 eo
422 1907 548 1946 minor
588 1921 673 1961 pars
707 1909 923 1961 prominere
957 1907 1127 1947 debebat.
1193 1903 1233 1946 Si
1265 1918 1404 1947 omnes

114 1971 290 2010 lamellae
342 1971 378 2011 in
410 1971 546 2011 eodem
581 1971 697 2023 plano
728 1971 972 2020 desinebant,
1016 1983 1153 2025 parum
1187 1967 1401 2012 admodum

116 2034 321 2075 trahebant.

455 2131 464 2143 ,
509 2094 880 2140 EXPERIM.
936 2098 995 2141 X.

260 2189 301 2238 Si
331 2190 498 2235 lamellae
529 2192 707 2234 virtutem
731 2192 912 2247 insignem
931 2193 1148 2245 habebant,
1181 2189 1393 2294 vtwgtptekrln

1282 2265 1340 2294 rac
1377 2268 1395 2278 ·
