2013 2703
331 175 759 239 &MOLARVM
826 176 1258 225 ALATARVM
1390 194 1448 234 4³

568 309 596 353 s
631 310 669 353 o
704 310 741 352 L
774 309 812 351 v
847 311 885 352 τ
917 310 937 352 1
973 311 1026 353 o.

292 407 347 451 Sit
373 424 434 452 aa
462 422 549 451 area
577 407 786 462 superficiei
815 409 968 462 planae,
989 421 1084 463 quae
1112 409 1194 450 vim
1212 410 1318 450 venti
1349 409 1446 451 cxci„

141 476 201 531 pit
221 509 232 528 ,
250 485 290 515 et
311 470 354 526 Φ
374 476 528 530 angulus
549 506 558 524 ‚
593 487 707 527 quem
729 474 833 513 venti
853 473 1014 514 directio
1033 487 1121 515 cum
1142 474 1216 514 hoc
1252 474 1369 528 plano
1402 475 1454 516 fit-

140 543 217 582 cit:
255 552 338 581 tum
375 553 472 581 vcro
504 539 546 579 sit
581 539 602 580 k
635 537 796 578 altitudo
829 537 952 578 debita
980 538 1170 579 celeritate
1190 540 1311 578 venti.
1366 538 1454 580 Iam

138 605 166 646 si
191 616 324 645 ventus
342 602 703 658 perpendiculariter
722 602 958 654 impingeret
977 634 987 653 ,
1008 602 1104 643 foret
1122 603 1198 642 eius
1218 604 1274 642 vis
1293 605 1456 655 aequalis

139 671 302 723 ponderi
322 669 523 708 columnae
556 678 686 706 aereae
714 697 726 717 ,
759 667 860 705 cuius
880 665 971 706 basis
991 666 1033 706 sit
1055 680 1110 706 :t
1132 680 1158 708 a
1175 680 1201 707 a
1234 677 1271 707 et
1292 668 1455 708 altitudo

139 747 190 775 τ
235 734 258 776 k
287 747 300 787 3
340 732 399 772 seu
419 732 515 772 haec
545 730 603 770 vis
640 730 731 770 esset
767 731 930 784 aequalis
966 731 1127 785 ponderi
1155 731 1291 772 maffae
1311 745 1454 785 aereae,

137 799 240 838 cuius
282 797 468 837 volumen
504 795 704 836 :aa-k.
775 794 920 836 Verum
973 805 1131 850 propter
1181 796 1452 850 obliquitatem

136 859 316 916 impulsus
347 860 444 902 haec
480 861 537 901 vis
566 859 727 900 diminui
759 859 876 901 debet
917 862 956 901 in
998 861 1147 901 ratione
1190 860 1288 901 finus
1338 862 1455 902 totius

137 928 184 966 ad
218 926 339 967 sinum
374 925 495 979 anguli
534 920 609 977 Φε
650 925 778 979 posito
810 936 903 978 ergo
937 925 1015 967 sinu
1056 934 1144 965 toto
1190 938 1245 965 z
1273 938 1291 964 1
1324 959 1335 977 ,
1390 926 1451 965 vis

135 992 242 1031 venti
278 992 316 1030 in
351 989 588 1044 superficiem
624 990 864 1044 propositam
899 1003 973 1032 aa
1018 990 1215 1030 celeritate
1258 990 1449 1031 altitudini

138 1054 162 1094 k
193 1055 321 1093 debita
344 1083 355 1102 ‚
390 1064 429 1092 ct
463 1054 524 1092 sub
558 1055 697 1105 angulo
729 1050 838 1105 ΖΦ
874 1054 1068 1096 incidentis
1102 1055 1319 1109 aequabitur
1352 1067 1471 1110 pom>

139 1117 221 1156 deri
262 1118 399 1158 massae
439 1126 567 1155 aereae
588 1147 599 1165 ‚
630 1118 736 1156 cuius
786 1118 973 1157 volumen
1035 1120 1222 1160 :auk
1256 1120 1320 1159 sin.
1374 1114 1447 1171 (β’,

139 1179 319 1234 huiusque
355 1179 410 1219 x'is
451 1178 614 1220 ditec‘tio
654 1188 843 1234 perpetuo
892 1181 939 1221 ad
990 1180 1150 1235 planum
1204 1182 1446 1237 propositum

140 1244 192 1286 est
225 1243 419 1284 normalis,
487 1243 539 1299 Q.
608 1242 661 1283 E.
726 1243 761 1284 1.

525 1368 1058 1416 SCHOLION.

272 1482 314 1508 2.
351 1468 433 1510 Etsi
474 1467 614 1509 solutio
646 1467 756 1510 huius
788 1471 1037 1524 problematis
1070 1469 1154 1512 satis
1188 1470 1369 1526 superque
1386 1473 1441 1515 est

135 1541 228 1573 nota
248 1566 259 1585 ,
292 1544 422 1574 tamen
456 1533 504 1574 ab
537 1545 587 1574 eo
620 1535 769 1575 initium
807 1536 940 1576 ducere
975 1537 1027 1577 est
1065 1536 1187 1578 visum
1211 1570 1220 1587 ‚
1255 1549 1300 1578 vt
1332 1551 1440 1578 men-

133 1598 232 1637 suras
265 1597 445 1638 absolutas
467 1629 478 1650 ‚
512 1600 643 1652 quibus
678 1601 716 1638 in
753 1601 988 1653 sequentibus
1013 1611 1100 1642 vtar
1133 1601 1337 1643 distinctius
1369 1615 1436 1642 ex-

132 1662 275 1715 plicare
309 1663 434 1702 liceat.
501 1663 675 1704 Primum
718 1665 833 1718 igitur
883 1666 1066 1718 grauitate
1116 1665 1289 1720 specifica
1342 1668 1437 1708 aeris

132 1727 285 1780 cognita
320 1727 413 1768 haec
448 1728 504 1767 xis
537 1728 584 1768 ad
619 1729 816 1782 cognitam
855 1730 1073 1783 ponderum
1126 1731 1341 1771 mensuram
1378 1744 1442 1771 re-

133 1791 298 1845 ducitur3
334 1791 484 1832 tametfi
519 1805 614 1833 vcro
647 1792 807 1833 densitas
849 1794 942 1834 aeris
977 1794 1085 1834 valde
1115 1794 1171 1834 est
1214 1795 1437 1848 variabilis,

132 1867 175 1894 ea
197 1855 420 1911 plerumque
439 1856 697 1911 octingenties
730 1858 860 1898 minor
893 1857 1114 1898 aestimatur
1134 1891 1144 1909 ,
1176 1872 1290 1912 quam
1311 1860 1436 1900 densi-

131 1929 186 1958 tas
205 1932 322 1972 aquae
345 1934 356 1972 3
394 1921 494 1961 vnde
514 1921 537 1962 si
557 1923 718 1963 formula
737 1923 835 1963 aak
854 1923 920 1963 sin.
943 1916 999 1973 <13²
1032 1936 1101 1977 per
1133 1929 1216 1964 800
1239 1924 1434 1973 diuiditur,

131 1985 318 2036 reperitur
346 1985 527 2027 miumcn
553 1999 667 2040 aquae
687 2020 697 2039 ‚
732 1988 835 2028 cuius
870 1988 1030 2042 ponderi
1054 1987 1109 2027 vis
1127 1987 1280 2029 iuuenta
1299 2002 1429 2042 aequa-

132 2056 213 2101 tur3
247 2050 348 2102 quod
376 2048 401 2089 si
435 2050 471 2088 in
494 2051 650 2104 pedibus
665 2051 806 2092 cubicis
825 2053 1080 2106 exprimitur,
1114 2050 1224 2093 facile
1260 2054 1305 2093 ad
1326 2053 1434 2095 libras

130 2112 319 2153 reducitur
352 2114 554 2154 tribuendo
589 2115 714 2163 701ss
755 2115 913 2171 singulis
933 2117 1091 2172 pedibus
1121 2118 1261 2158 cubicis
1306 2130 1434 2172 aquae.

129 2178 248 2237 Quod
283 2178 420 2220 deinde
453 2179 500 2220 ad
535 2178 770 2220 celeritatem
814 2182 924 2223 venti
969 2182 1141 2236 attinet,
1174 2195 1218 2223 ea
1252 2195 1323 2237 per
1353 2184 1431 2234 spa-

736 2243 766 2286 F
804 2256 827 2284 2
1330 2246 1428 2286 tium
