2013 2703
573 150 638 207 ’μ
929 149 1039 194 DE
1100 150 1546 196 NVMEitts

571 292 732 338 quatuor
760 288 909 322 tantum
940 277 1135 319 fractiones
1165 278 1204 318 in
1236 278 1408 319 minimis
1438 281 1608 321 terminis
1627 280 1860 335 luppeditant

572 359 745 401 nempe:
782 352 794 393 ξ
817 359 829 399 3
861 349 912 397 ξ,
944 348 994 397 };
1027 348 1073 395 ξς
1106 354 1263 396 quarum
1296 343 1403 383 binae
1429 344 1648 396 posteriores
1682 357 1755 399 pro
1780 345 1858 386 for-

571 410 677 450 mula
709 419 733 450 r
750 421 772 450 r
790 415 857 455 -l-
874 420 893 449 s
910 419 931 448 s
960 406 1118 461 duplum
1152 406 1327 446 valorem
1361 416 1509 446 tantum
1535 408 1742 461 exliiberit,
1783 411 1860 450 eius

571 474 635 527 qui
668 484 721 514 ex
755 471 890 526 primis
921 471 1040 511 oritur
1066 485 1076 511 :
1113 470 1213 510 vnde
1252 470 1394 524 patebit
1413 503 1424 521 ,
1459 470 1614 511 faetores
1644 473 1714 512 eise
1753 474 1862 513 binos

574 543 619 576 22
640 544 706 583 -ι-
731 549 749 576 1
774 548 830 576 z:
854 545 874 584 5
912 543 949 574 et
981 540 1026 584 4¹
1046 540 1113 580 —†-
1137 546 1155 572 1
1181 546 1237 572 z:
1268 547 1337 584 17.
1399 532 1620 575 Breuiffime
1676 548 1769 589 ergo
1817 537 1858 578 hi

570 599 727 643 saitores
757 599 996 640 inueniuntur
1016 630 1026 649 ,
1060 597 1086 638 fi
1119 607 1264 638 tantum
1299 599 1439 638 radices
1471 599 1735 651 quadratorum
1756 613 1861 653 pares

571 673 612 704 et
643 664 806 718 impares
836 661 983 702 ieorfim
1020 662 1183 701 inuicem
1218 661 1480 701 combinentur
1500 693 1511 713 ,
1551 672 1587 702 et
1628 664 1863 704 combinatio

573 728 722 782 parium
753 739 843 767 cum
878 724 1077 780 imparibus
1110 726 1250 779 penitus
1280 726 1481 765 omittatur
1501 755 1513 773 ,
1545 728 1628 779 quia
1663 726 1750 766 hinc
1792 726 1863 768 fm—

574 790 722 832 Ctiones
738 791 943 843 orirentur,
979 800 1264 830 numeratorem
1283 799 1322 829 et
1339 789 1666 830 denominatorem
1701 790 1862 845 impares

575 854 767 897 habentes.

955 980 1488 1025 PROBLEMA.

693 1079 727 1128 ξ,
766 1093 837 1130 44.
878 1077 1055 1131 Proposito
1080 1089 1223 1118 numero
1255 1086 1454 1130 quocunque
1474 1075 1628 1130 formae
1662 1089 1691 1126 4
1710 1088 1734 1116 n
1751 1082 1817 1124 -†-
1840 1087 1858 1114 ι

577 1142 774 1200 explorare
805 1147 927 1183 vtrum
954 1142 1098 1197 primus
1115 1142 1171 1197 stt
1202 1153 1265 1181 nec
1296 1152 1339 1181 ne
1374 1138 1390 1181 ζ

1000 1264 1449 1307 SOLVTIO.

698 1364 770 1406 Per
803 1363 1068 1420 operationem
1108 1361 1283 1413 deinceps
1323 1360 1586 1415 explicandam
1628 1362 1869 1415 inuestigerur

581 1441 758 1472 numerus
777 1428 990 1484 propositus
1006 1458 1017 1477 ‚
1044 1435 1170 1465 vtrum
1191 1424 1228 1464 in
1260 1425 1336 1466 duo
1354 1424 1529 1478 quadrata
1569 1426 1696 1466 reiblui
1741 1426 1867 1480 poffet

585 1506 656 1534 nec
691 1490 775 1534 ne?
807 1503 860 1544 et,
894 1493 921 1534 s1
940 1487 1052 1545 poffit
1073 1521 1083 1541 ,
1114 1501 1163 1529 an
1194 1489 1275 1541 plus
1308 1500 1386 1530 vno
1421 1490 1543 1530 modo
1577 1491 1752 1531 resolutio
1792 1496 1868 1531 iuc-

584 1554 725 1598 cedat?
768 1555 809 1596 Si
856 1557 958 1597 enim
1010 1552 1276 1594 resolutionem
1325 1555 1362 1592 in
1408 1553 1484 1592 duo
1533 1554 1708 1607 quadrata
1758 1556 1869 1607 plane

585 1633 664 1662 non
697 1621 900 1671 admittat,
935 1620 969 1659 id
1006 1630 1072 1671 per
1104 1617 1138 1664 ξ.
1177 1626 1231 1662 32
1252 1626 1400 1656 certum
1436 1617 1670 1671 eritlignum
1691 1651 1702 1670 ,
1738 1631 1870 1659 nume-

584 1697 669 1725 rum
705 1684 941 1738 propositum
976 1693 1052 1721 non
1086 1681 1158 1721 effe
1194 1681 1358 1733 primum
1379 1711 1390 1730 ‚
1420 1680 1563 1721 etiamsi
1597 1681 1690 1721 haec
1713 1683 1870 1722 conclu-

585 1748 641 1792 sio
675 1759 728 1787 ex
773 1749 881 1803 Prop.
916 1747 968 1787 V.
1000 1757 1073 1785 non
1113 1744 1194 1784 saris
1243 1743 1494 1783 demonstrata
1542 1745 1718 1797 [equatur.
1785 1744 1871 1786 Hoc

586 1812 738 1866 quidem
769 1811 847 1852 casu
880 1811 926 1851 de
957 1810 1032 1849 eius
1062 1808 1275 1849 diuisoribus
1304 1805 1399 1846 nihil
1427 1807 1599 1860 constat3
1633 1809 1781 1848 interim
1816 1819 1867 1849 ta-

589 1888 682 1916 men
716 1886 821 1915 certo
851 1874 1089 1927 colligimus,
1122 1884 1208 1911 eum
1240 1870 1415 1911 diuisores
1452 1871 1595 1921 primos
1625 1871 1761 1912 habere
1795 1872 1870 1912 for-

591 1950 678 1979 mae
714 1951 794 1987 4m
814 1959 853 1966 —
879 1951 894 1975 1
922 1970 932 1988 ‚
963 1937 1048 1990 quia
1066 1935 1092 1974 si
1124 1946 1259 1974 omncs
1288 1934 1363 1973 cius
1395 1931 1552 1972 fictores
1580 1935 1696 1974 ess'cnt
1727 1933 1869 1975 formae

590 2015 671 2051 4m
693 2011 742 2044 4-
769 2014 786 2038 1
812 2034 822 2052 ,
857 2001 886 2040 is
915 2011 1013 2040 certe
1049 2000 1085 2037 in
1114 1997 1190 2036 duo
1209 1998 1381 2050 quadrata
1401 1997 1494 2037 foret
1537 1997 1748 2039 relolubilis.
1816 1999 1868 2039 At

591 2065 619 2106 si
653 2076 828 2104 numerus
862 2062 1072 2117 propositus
1112 2061 1224 2099 vnico
1265 2061 1387 2100 modo
1421 2061 1464 2101 sit
1506 2062 1546 2101 in
1579 2063 1654 2101 duo
1694 2061 1869 2114 quadrata

591 2127 792 2172 teiolubilis
812 2160 821 2178 ,
855 2137 937 2167 tum
958 2123 1196 2165 infallibiliter
1214 2137 1285 2178 pro
1319 2126 1447 2178 primo
1480 2126 1549 2165 erit
1568 2124 1767 2169 habendus.
1803 2123 1868 2165 Sin

1747 2199 1868 2228 autem
