2013 2703
632 158 748 218 ²4³⁸.ss
780 173 808 204 0
842 153 957 216 &³3⁴3
1344 172 1392 208 2³
1405 156 1431 210 ξ

162 284 284 346 DE
335 278 776 341 VIRTVTE
834 273 1416 337 MAGNETICA

206 379 469 437 ABSQVE
487 375 830 421 MAGNETE
854 372 1371 419 COMMVNICATA

524 447 1052 494 EXPERIMENTA.

634 569 953 607 AVCTORE

485 657 534 700 G.
577 657 654 699 W.
694 655 1096 699 RICHMAN.

146 731 408 868 Acceptis
450 776 472 804 a
513 763 616 804 Viro
647 762 853 816 plurimum
889 763 1122 807 Reuerendo
1163 763 1443 820 Dumaresque,'

301 829 534 881 Anglicanae
566 826 756 867 Ecclesiae
775 826 923 868 Pastore
945 861 955 880 ,
989 828 1210 882 quibusdam
1229 841 1282 869 ex
1301 830 1442 881 Anglia

143 895 190 933 ad
225 893 345 947 ipsum
382 890 496 931 mistis
526 890 668 945 scriptis
704 923 715 942 ,
764 892 804 931 in
846 892 976 945 quibus
1021 891 1225 933 methodus
1253 892 1439 933 virtutem

143 967 404 1010 magneticam
437 955 575 1008 absque
609 964 786 1008 magnete
820 956 1124 997 communicandi
1145 956 1325 1010 descripta
1342 965 1437 1007 erat,

144 1031 182 1059 et
214 1018 374 1060 lamellis
415 1017 606 1067 chalybeis
639 1020 677 1057 in
713 1017 814 1058 hunc
847 1018 969 1059 finem
1004 1023 1170 1073 paratis,
1221 1021 1354 1074 quibus
1383 1030 1441 1061 ta-

143 1095 236 1122 men
271 1083 387 1121 virtus
419 1080 632 1132 magnetica
665 1080 837 1119 nondum
854 1084 1140 1122 communicata
1157 1094 1235 1122 erat
1258 1116 1269 1134 ‚
1306 1085 1438 1124 decan-

145 1155 223 1185 tata
263 1146 302 1184 in
347 1143 486 1195 Anglia
530 1143 797 1195 experimenta
839 1143 982 1183 imitari
1026 1145 1180 1185 tentaui.
1233 1145 1285 1184 Et
1324 1148 1439 1199 quia,

148 1222 242 1263 quae
276 1208 552 1261 requirebantur
585 1206 630 1245 ad
663 1207 927 1258 experimenta
961 1207 1052 1248 haec
1085 1210 1157 1248 rite
1193 1208 1438 1262 instituenda,

147 1274 281 1313 omnia
316 1272 360 1310 ad
397 1282 529 1309 munus
560 1281 638 1306 non
656 1278 794 1318 erant,
828 1278 867 1308 et
887 1271 1067 1311 nonnulla
1103 1272 1151 1311 ab
1183 1282 1314 1312 autore
1347 1273 1439 1314 Mi·

144 1335 232 1377 chel
268 1334 425 1385 Ang10‚
460 1331 522 1383 qui
564 1330 789 1370 methodum
824 1332 1086 1386 praescripsit,
1121 1335 1241 1374 minus
1270 1335 1440 1377 distinete

147 1397 338 1450 proposita
358 1428 368 1445 ‚
406 1394 567 1434 iubstitui
599 1394 667 1433 alia
687 1426 698 1445 ‚
731 1395 778 1434 de
812 1396 943 1448 quibus
974 1398 1159 1450 cogitaui,
1195 1398 1297 1438 idem
1333 1412 1440 1452 prae-

151 1459 276 1500 stitura
320 1457 422 1508 effe,
474 1468 513 1496 et
547 1458 693 1498 mutaui
742 1458 974 1501 methodum
1018 1462 1138 1515 aliqua
1169 1473 1224 1502 ex
1258 1472 1365 1514 parte
1397 1463 1445 1504 ad

148 1523 270 1564 finem
313 1522 479 1562 eundem
514 1520 759 1563 obtinendum
785 1554 797 1575 ,
828 1522 1092 1580 sequentiaque
1123 1525 1291 1581 pericula
1324 1525 1409 1567 feci.

567 1650 944 1697 EXPERIM.
995 1654 1028 1696 1.

269 1746 361 1801 Ope
392 1759 482 1788 veru
508 1745 602 1800 ΑΒ,
637 1761 756 1802 prope
785 1751 822 1790 A
858 1750 1033 1805 filspensl,
1068 1750 1257 1794 lamellam
1292 1753 1358 1794 ab
1390 1764 1439 1793 ex
1465 1756 1644 1799 TARVI.

154 1811 317 1862 chalybe
352 1811 491 1863 molli,
526 1813 712 1866 politam,
747 1813 994 1866 longitudinis
1013 1817 1129 1856 trium
1164 1817 1276 1870 digit.
1310 1817 1435 1857 Loud.
1462 1825 1537 1875 Fig.
1559 1834 1593 1863 σ.

157 1876 361 1914 latitudinis
396 1877 551 1916 duarum
585 1886 622 1916 et
664 1878 843 1918 dimidiae
883 1879 1007 1919 lineae
1052 1889 1090 1919 et
1133 1881 1300 1920 craffitiei
1332 1882 1442 1922 vuius

156 1949 307 1991 qriartne
341 1939 496 1978 circiter
529 1941 639 1992 partis
674 1941 819 1992 lineae,
853 1944 1027 1995 ponderis
1045 1946 1106 1993 69
1142 1957 1367 1998 granorum,
1389 1946 1443 1985 in-

161 2014 213 2042 ter
246 2002 560 2055 parallelepipeda
589 2002 703 2044 ferrea
734 2004 822 2047 DE
855 2016 895 2046 et
930 2005 1038 2058 FG,
1074 2007 1086 2063 (
1104 2022 1264 2062 quorum
1298 2010 1448 2063 quodli-

159 2067 223 2105 bet
257 2075 334 2105 erat
374 2077 426 2113 50
462 2066 546 2106 libr.
583 2066 690 2108 Ruff.
724 2068 966 2124 longitudinis
989 2082 1059 2119 23-
1097 2073 1203 2126 digit.
1227 2073 1354 2114 Lond.
1374 2074 1448 2114 cit·

159 2131 282 2180 citer,
326 2129 527 2170 latiudinis
568 2133 596 2167 6
630 2131 734 2182 digit.
773 2133 894 2174 ferme
925 2145 964 2175 et
993 2135 1165 2177 cruffitiei
1208 2137 1322 2191 paulo
1360 2136 1445 2191 plus

155 2204 272 2245 qnam
321 2191 457 2248 digiti)
507 2193 627 2234 lineae
677 2195 902 2238 meridianae
950 2201 1186 2254 magneticae
1227 2202 1342 2242 ferme
1378 2211 1445 2249 pa-

750 2256 790 2302 G
823 2273 848 2316 g
882 2274 907 2300 2
1324 2259 1447 2301 rallela
