2013 2703
292 200 705 252 MoLARVM
771 198 1227 247 ALATARVM
1345 211 1397 254 55

121 337 272 391 :ngulus
307 332 349 389 Φ
369 370 379 389 ,
413 336 543 390 quibus
575 334 768 375 inclinatio
802 332 978 373 clementi
998 331 1165 386 respec'tu
1185 332 1290 373 venti
1310 344 1407 374 con-

121 405 260 442 tinetur
279 435 288 452 ‚
324 412 443 441 certos
479 401 626 440 valorcs
658 400 827 439 obtinere
863 395 1015 450 possunt
1035 430 1046 449 ,
1081 406 1121 436 vt
1157 407 1406 437 momentum

120 465 279 506 astionis
299 466 363 506 fiat
383 466 598 504 maximum
622 477 632 516 3
669 473 775 515 atque
803 461 830 501 si
850 460 979 500 litteris
1008 475 1031 501 u
1052 493 1061 511 ,
1082 457 1108 514 ζ
1128 493 1138 511 ,
1162 471 1199 500 et
1220 456 1262 511 Φ
1298 459 1408 501 simul

120 530 270 571 valores
288 541 336 569 ex
357 539 484 568 naturai
503 527 766 568 maximieruti
787 525 1003 574 tribuantur,
1022 534 1267 564 momentum
1287 522 1410 564 5ιᾶἰο-

122 595 176 634 nis
193 595 263 633 erit
283 593 500 632 maximum
523 590 800 630 maximorum.
819 586 961 626 Verum
982 586 1194 626 huiusmodi
1213 587 1408 640 inuestiga-

123 660 266 698 tionem
293 656 376 707 liic,
408 656 473 695 vbi
499 654 621 694 adhuc
646 653 690 691 de
717 651 857 690 viribus
880 651 1170 690 elementaribus
1190 650 1312 690 sermo
1329 650 1405 702 est,

122 721 295 773 suscipere
314 731 390 758 non
408 717 597 767 conuenit,
619 714 774 755 sedeam
786 713 960 754 differam
972 746 982 766 ,
1001 714 1124 755 donec
1144 713 1188 754 ad
1201 714 1299 755 vires
1317 712 1407 754 fini-

123 795 178 825 tas
202 784 314 824 simus
333 781 560 836 peruenturi.

264 928 333 968 17.
353 912 621 972 Sisupetficies
639 921 842 972 quaepiam
859 919 963 958 circa
983 928 1093 956 axem
1098 915 1224 968 fixum
1235 913 1333 955 data
1351 927 1410 956 ce-

120 984 264 1026 Ieritate
289 989 446 1037 gyretur
469 1015 478 1033 ,
497 989 608 1035 atque
627 981 776 1023 directio
794 985 894 1023 venti
914 981 970 1022 ad
981 979 1076 1022 hunc
1093 993 1204 1022 axem
1209 980 1265 1035 sit
1282 986 1414 1020 vtcun-

125 1061 192 1102 qu..³
228 1050 263 1088 in
288 1046 406 1086 linata
426 1078 436 1095 ,
455 1041 654 1097 secundum
686 1057 797 1098 quum
831 1048 868 1086 in
888 1042 961 1100 sup
982 1045 1121 1095 ficiem
1154 1046 1249 1085 data
1281 1042 1411 1085 celeri-

124 1118 200 1151 tate
236 1113 445 1163 impingat,
479 1111 641 1148 inuenire
672 1110 752 1148 vim
770 1141 780 1158 ,
814 1120 888 1163 qua
919 1109 1069 1162 quoduis
1088 1104 1300 1163 superficiei
1339 1106 1413 1148 ele-

127 1180 280 1215 mentum
314 1185 339 1212 a
372 1177 478 1211 vento
511 1170 730 1226 impelletur.

549 1262 1004 1306 SOLVTIO.

266 1336 449 1376 Transeat
483 1334 565 1374 axis
600 1346 667 1386 per
703 1335 886 1387 punctum
921 1333 954 1375 C
989 1335 1104 1388 sitque
1136 1338 1166 1376 is
1191 1336 1235 1376 ad
1256 1336 1410 1390 planum
1424 1342 1495 1393 Fig.
1516 1359 1546 1388 3.

129 1399 274 1441 tabulae
309 1398 490 1439 normalis
509 1430 518 1448 ,
550 1399 655 1437 venti
685 1409 812 1438 autem
848 1399 1006 1439 directio
1040 1401 1081 1440 sit
1118 1401 1254 1454 vbique
1286 1399 1413 1440 restae

128 1464 164 1504 H
184 1462 218 1504 C
253 1462 425 1517 panllela
447 1494 456 1511 ‚
490 1461 537 1501 ad
571 1461 671 1502 cuius
706 1462 938 1515 positionem
972 1464 1235 1504 inueniendam
1271 1476 1318 1503 ex
1337 1464 1416 1503 eius

123 1527 272 1582 punsto
307 1527 490 1580 quopiam
526 1524 564 1564 H
596 1526 642 1565 ad
677 1527 834 1579 planum
871 1528 1018 1568 tabulae
1057 1528 1281 1569 demittatur
1327 1540 1416 1581 pei·-

129 1591 365 1644 pendiculum
399 1590 433 1629 H
457 1586 494 1629 G
517 1620 526 1638 ‚
560 1589 658 1641 quod
692 1591 757 1630 axi
788 1593 857 1630 erit
893 1593 1111 1644 parallelum
1142 1626 1152 1643 ,
1192 1602 1230 1632 et
1263 1592 1417 1645 angulus

130 1654 163 1695 C
184 1655 220 1695 H
242 1652 279 1695 G
310 1653 510 1693 exhibebit
547 1654 834 1694 inclinationem
868 1657 972 1695 venti
1015 1661 1059 1697 ad
1103 1670 1233 1697 axem.
1309 1656 1415 1696 ‘l'um

129 1720 282 1759 ducatur
332 1714 424 1757 GC
455 1718 493 1757 in
548 1718 662 1770 plano
712 1719 855 1758 tabulae
907 1733 948 1759 ac
992 1720 1154 1760 direc‘tio
1184 1721 1288 1760 venti
1323 1718 1414 1760 HC

130 1782 443 1823 determinabitur
478 1793 547 1833 per
578 1782 758 1834 angulum
794 1780 827 1821 C
848 1782 883 1822 H
903 1781 940 1824 G
977 1794 1012 1823 et
1047 1785 1273 1837 positionem
1294 1784 1417 1824 κάκ

134 1842 173 1885 G
195 1844 228 1885 C
264 1846 369 1898 super
400 1845 516 1898 plano
549 1845 708 1885 tabulae.
773 1846 938 1887 Vocetur
968 1859 1061 1900 ergo
1096 1848 1248 1901 angulus
1288 1845 1321 1887 C
1333 1845 1420 1890 HG

134 1922 186 1949 z:
211 1908 228 1948 Θ
251 1943 260 1960 ,
295 1921 373 1961 quo
406 1908 569 1947 direffio
604 1912 709 1950 venti
745 1911 789 1950 ad
824 1923 940 1951 axem
978 1912 1194 1952 inclinatur.
1267 1910 1421 1952 Deinde

133 1973 392 2021 consideretur
415 1970 617 2023 superficiei
637 1974 869 2014 elementum
891 1978 1135 2029 quodcunque
1172 1973 1208 2016 Z
1242 1976 1280 2016 in
1316 1975 1422 2016 subli-

135 2038 188 2077 mi
226 2036 385 2090 positum
413 2066 422 2085 ,
456 2035 556 2074 cuius
588 2049 671 2076 area
705 2039 745 2078 sit
781 2038 922 2079 :ds
949 2072 957 2084 ,
991 2041 1145 2093 indeque
1182 2040 1230 2080 ad
1266 2040 1422 2094 planum

134 2093 280 2141 tabulae
310 2099 528 2140 demittatur
563 2102 870 2151 perpendiculum
909 2102 944 2144 Z
991 2103 1032 2144 Y
1085 2104 1283 2154 iunctaque
1315 2102 1348 2143 C
1368 2103 1424 2159 Y,

133 2165 235 2206 cuius
283 2161 458 2216 respectu
511 2162 740 2215 positionem
789 2166 910 2207 rec'tae
961 2165 999 2210 G
1021 2165 1055 2207 C
1099 2169 1202 2209 noss‘e
1236 2178 1424 2222 oportet,

1280 2243 1423 2271 vocen-
