2013 2703
341 90 422 134 1N
475 83 846 134 CORPORE
896 87 1277 134 ANIMALI.
1361 101 1446 143 371

162 210 322 254 tandem
351 221 515 251 omnem
537 209 576 250 in
595 207 659 250 illa
678 209 762 249 vim
782 207 1048 249 contraffilem
1069 207 1214 263 superat
1231 219 1269 251 et
1288 210 1454 252 destruit.

165 276 263 329 Agit
296 276 440 328 quippe
472 283 603 315 mutua
638 274 738 314 inter
769 283 894 328 partes
928 274 1045 313 virtus
1074 274 1266 314 attrahens
1297 275 1341 316 ad
1367 288 1456 317 cer·

163 348 242 380 tam
278 339 400 379 modo
432 338 644 379 distantiam
665 369 674 387 ,
711 337 750 377 ιιι
785 337 930 379 minori
964 336 1164 378 interuallo
1207 338 1340 379 fortior
1371 372 1381 389 ,
1417 340 1456 380 in

164 403 305 444 maiori
336 402 520 453 debilior,
557 402 723 443 defluens
758 401 797 441 in
828 402 994 454 iisdem,
1043 410 1149 441 extra
1192 401 1272 442 suae
1314 403 1461 444 virtutis

162 467 306 507 limites
338 466 515 507 extensis.
583 465 762 506 oriuntur
793 475 881 505 tunc
926 466 963 504 in
1013 464 1178 518 partibus
1232 466 1458 521 compositis

164 542 302 570 omnes
335 529 391 570 illi
433 529 559 571 morbi
592 528 768 569 vasorum
808 538 847 568 et
878 529 1066 568 viscerum
1088 560 1099 580 ‚
1136 541 1206 582 per
1243 532 1376 582 gradus
1410 532 1458 572 ad

165 593 353 648 paralysin
376 603 425 639 ,et
455 592 626 633 continui
654 591 880 632 solutionem
909 604 1025 639 vsque
1045 624 1055 643 ,
1087 594 1150 645 qui
1181 605 1201 633 a
1233 593 1319 634 laxa
1339 605 1376 635 et
1403 596 1458 635 ni-

166 658 241 699 mis
273 657 388 699 debili
420 656 512 698 fibra
532 687 543 707 ‚
578 668 693 711 quam
725 665 769 697 vt
802 655 1019 697 naturaliter
1061 656 1306 699 contrahatur
1340 691 1351 713 ‚
1391 659 1461 699 de·

165 722 348 776 pendent.

285 782 389 825 Cum
438 796 528 838 ergo
577 783 718 825 vltima
772 784 1037 827 constituentia
1083 784 1198 826 solida
1245 787 1462 841 terrestria,

163 848 232 889 alia
267 847 407 889 vocula
441 847 523 888 aliis
564 848 812 890 denominata
836 882 847 900 ‚
900 848 1174 903 significatione
1205 852 1342 891 eadem
1380 849 1462 906 (α),

163 912 240 966 ipsa
272 912 394 966 simp
386 925 428 951 ir
423 911 541 953 ‘lima
572 923 612 953 et
646 914 754 954 vnica
792 945 804 965 ‚
856 913 895 953 in
934 925 1159 968 quocunque
1199 915 1384 967 animali,
1416 922 1461 956 vt

165 976 278 1016 omni
312 980 426 1029 vegq’
469 964 499 993 ¹⁴²
518 1006 531 1035 Ι
562 977 761 1030 explorata
804 977 853 1017 ita
890 977 987 1017 inter
1021 978 1057 1019 sc
1098 988 1375 1032 conueniunt,
1419 991 1460 1020 ιιι

164 1039 230 1079 vel
262 1047 383 1078 attcn
412 1051 505 1079 „tna
538 1039 727 1092 indagatio
760 1038 1090 1080 nullaminterilla
1120 1041 1376 1083 differentiam
1394 1042 1460 1083 de-

165 1102 413 1157 prehendiwt
448 1114 614 1156 cumque
665 1101 842 1143 cohaesio
892 1102 1026 1143 ιΙιιιιιιι
1077 1103 1116 1143 ιιι
1167 1115 1327 1159 Vtroque
1380 1117 1460 1152 non

166 1167 324 1208 soluitur
343 1198 355 1219 ,
388 1166 456 1208 nisi
491 1179 562 1220 per
593 1165 727 1207 viuum
763 1167 892 1219 ignem
928 1167 967 1206 in
999 1179 1086 1207 aura
1112 1177 1238 1221 aperta
1263 1199 1274 1220 ‚
1307 1178 1373 1208 aut
1392 1181 1462 1224 per

167 1231 267 1270 a'e'ris
288 1262 298 1281 ,
325 1242 439 1284 aquae
461 1262 472 1281 ‚
490 1240 529 1270 et
548 1230 732 1284 temporis
749 1261 759 1281 ,
785 1229 1003 1271 diuturnam
1024 1230 1219 1272 :inionem
1242 1262 1253 1282 ‚
1272 1245 1319 1272 an
1337 1233 1460 1275 etiam

168 1293 370 1334 vinculum
404 1294 586 1333 vltimum
621 1294 660 1333 in
694 1293 800 1343 hoc,
834 1305 949 1346 quam
983 1295 1023 1335 in
1058 1293 1151 1344 illo,
1193 1295 1246 1335 est
1291 1296 1462 1350 perfecte

168 1356 274 1396 idem
310 1356 656 1409 aquoso-oleosum
690 1355 857 1410 gluten?
887 1358 1037 1399 Praeter
1077 1358 1339 1400 destructionis
1372 1373 1465 1401 ean-

167 1420 257 1461 dem
291 1420 330 1460 in
360 1420 589 1461 cohaesione
623 1431 883 1462 memoratam
927 1423 1114 1464 rationem
1152 1454 1164 1474 ,
1214 1434 1343 1464 nonne
1387 1423 1464 1464 hoc

168 1483 299 1524 firmat
335 1483 496 1537 ipsorum
531 1484 809 1526 elementorum
846 1484 989 1527 summa
1030 1485 1194 1526 soliditas
1221 1520 1233 1540 ,
1277 1487 1461 1542 simplici·

171 1556 226 1585 tas
245 1577 255 1596 ,
289 1547 526 1586 adamantina
545 1547 698 1587 durities
717 1579 729 1599 ‚
761 1549 1058 1590 immutabilitas
1076 1582 1086 1601 ,
1120 1550 1291 1604 adeoque
1312 1553 1349 1591 in
1370 1564 1461 1602 om,

170 1609 276 1649 uibus
310 1609 425 1662 figura
461 1611 620 1651 omnino
652 1620 690 1650 et
724 1612 871 1664 prorsus
904 1615 1038 1654 eadem
1061 1645 1071 1665 ,
1104 1623 1142 1653 ct
1175 1614 1254 1654 talis
1284 1615 1461 1668 quidem,

168 1685 264 1726 quae
301 1673 541 1730 solummodo
572 1674 735 1728 iungitur
768 1688 837 1729 per
871 1677 1034 1731 simplex
1067 1677 1263 1718 vinculum
1298 1680 1349 1718 ita
1371 1712 1382 1730 ,
1417 1689 1460 1719 vt

170 1749 238 1790 per
271 1737 364 1788 ignis
397 1746 434 1774 et
469 1734 615 1790 frigoris
656 1738 851 1780 unionem
886 1741 1070 1781 alternam
1123 1751 1274 1782 remota
1315 1750 1355 1782 et
1397 1743 1458 1783 ad-

169 1800 279 1839 due'ia
315 1800 497 1852 principia
545 1801 582 1840 in
626 1803 854 1856 compositis
902 1804 1124 1859 corporibus
1166 1805 1457 1846 rarefiie‘tiouem

171 1874 209 1902 et
240 1875 300 1902 co
302 1863 578 1904 idensitionem
621 1865 819 1907 efficiant·
811 1900 822 1920 ‚
872 1881 966 1922 quie
999 1879 1148 1922 praeter
1167 1870 1273 1909 illum
1302 1903 1314 1923 ‚
1345 1883 1459 1923 quem

172 1939 219 1966 c>
274 1927 435 1979 impulsu
484 1926 615 1979 liquidi
657 1932 875 1972 not-„mimus
924 1933 961 1972 in
1004 1933 1226 1986 compostis
1253 1966 1263 1985 ,
1303 1943 1456 1976 motum

172 1990 394 2030 continuum
448 1990 629 2031 excitant.
673 1990 789 2034 Certe
817 1997 971 2050 quidem
1008 2009 1098 2037 cum
1132 1997 1460 2052 deprehenderant

742 2058 778 2098 A
799 2072 817 2098 a
836 2073 856 2100 a
878 2073 901 2098 2
1308 2063 1457 2102 dudum

1177 2128 1286 2144 ’.υ-

171 2119 293 2129 -,.-.

538 2120 652 2130 ——

220 2144 274 2194 (a)
300 2123 544 2182 Mustlienbruck
572 2143 695 2184 Institut.
723 2129 897 2198 Phyfiffi.
923 2165 982 2200 43.
