2013 2703
527 141 619 192 ³24
658 137 756 182 DE
799 98 1090 179 INDI'CE
1123 129 1648 177 ELECTRJCIT.

524 250 701 308 sagacitas
721 246 963 303 perspiciendi
983 278 993 297 ‚
1010 244 1080 300 vel
1096 245 1218 298 potius
1238 244 1409 284 nondum
1424 246 1494 286 ausi
1515 248 1595 288 sunt
1612 246 1766 289 asserere
1779 281 1797 302 ,

522 314 707 354 eiusmodi
745 312 997 350 variationem
1030 321 1116 348 acus
1146 309 1378 362 magneticae
1411 308 1648 352 electricitati
1679 314 1719 352 in
1739 324 1796 352 at-

525 377 746 429 molphaera
782 373 988 426 produe'tae
1019 372 1148 412 deberi
1186 403 1197 423 ‚
1246 372 1347 426 quod
1382 370 1481 412 mihi
1514 375 1666 426 quidem
1701 388 1797 416 nunc

523 438 842 479 verisimillimum
876 437 940 476 est.
1007 437 1112 477 Acus
1145 437 1248 476 enim
1283 436 1492 488 magnetica
1523 437 1711 476 ordinarie
1728 437 1799 478 fiil-

520 504 617 543 citur
651 502 760 541 theca
791 501 909 553 lignea
944 500 1060 552 sicca,
1094 509 1133 539 et
1166 500 1308 553 lignum
1342 500 1479 538 siccum
1515 501 1609 540 inter
1641 511 1805 553 corpora

524 566 744 618 originariae
776 564 1056 616 eleetricitatis,
1087 563 1213 602 {altem
1246 563 1342 602 inter
1373 574 1532 615 corpora
1576 563 1804 603 deriuatiuae

522 629 776 669 elec‘tricitatis
810 628 949 667 minori
982 627 1097 679 gradu
1131 627 1306 679 capacia,
1344 625 1469 666 locum
1505 626 1628 667 habet.
1694 626 1806 667 Dum

524 705 618 746 ergo
651 693 749 732 inter
782 691 938 732 fiumina
960 723 970 742 ,
1002 690 1217 730 obseruator
1249 689 1508 729 declinationis
1541 702 1624 730 acus
1664 689 1700 730 se
1739 691 1808 730 ad-

524 757 780 811 propinquare
810 755 922 795 debet
955 755 1036 794 acui
1057 786 1067 805 ‚
1106 749 1262 793 fulmine
1294 752 1586 801 electrificatae‚
1621 754 1811 794 attrahere

523 821 637 860 debet
671 832 756 860 acus
788 819 1071 859 extremitatem
1106 817 1333 856 viciniorem
1360 830 1370 868 3
1405 815 1490 855 hinc
1524 829 1609 855 acus
1627 817 1809 856 directio·

522 896 611 924 nem
635 884 847 923 naturalem
879 881 1042 922 descrere
1077 880 1221 930 debet,
1259 879 1326 919 nisi
1361 878 1578 919 obseruator
1611 881 1744 920 exacte
1765 880 1804 918 in

525 948 644 1001 plano
675 946 745 986 isto
777 945 846 986 stet
881 977 893 996 ,
944 945 981 983 in
1024 956 1102 997 quo
1143 955 1226 983 acus
1260 942 1473 982 mturaliter
1504 943 1668 994 quiescit.
1734 942 1810 981 Hic

524 1012 617 1051 boni
651 1009 794 1063 publici
827 1007 929 1048 causti
961 1006 1176 1058 subiungere
1212 1005 1321 1044 liceat
1340 1036 1352 1055 ‚
1383 1005 1585 1057 quomodo
1601 1004 1700 1044 effici
1721 1016 1837 1058 pos--

529 1074 600 1123 fit,
636 1081 678 1112 vt
709 1084 794 1111 acus
828 1069 1064 1121 magneticae
1095 1066 1253 1107 discetio
1288 1068 1326 1106 in
1361 1068 1446 1107 naui
1468 1099 1481 1120 ‚
1519 1068 1613 1107 inter
1652 1067 1812 1108 fulmina

528 1145 567 1176 et
601 1135 766 1175 tonitrua
800 1133 865 1173 vel
896 1131 1144 1172 elestticitate
1179 1131 1366 1182 naturali,
1398 1143 1474 1171 non
1504 1132 1682 1171 turbetur.
1749 1132 1815 1172 Fi-

529 1199 610 1240 lum
662 1196 894 1238 metallicum
937 1194 1132 1249 quodlibet
1165 1203 1315 1248 praeter
1349 1194 1507 1235 ferreum
1559 1195 1815 1235 connectatur

527 1275 616 1304 cum
651 1261 747 1312 stylo
779 1260 991 1301 acuminato
1011 1290 1022 1308 ‚
1055 1259 1119 1311 qui
1153 1257 1325 1297 sustentat
1364 1258 1581 1311 capitellum
1629 1259 1815 1299 aurichal—

530 1339 644 1368 ceum
663 1337 750 1365 acus
771 1357 783 1375 ‚
816 1333 853 1363 et
879 1322 1032 1362 ducatur
1052 1322 1098 1361 ita
1117 1353 1127 1371 ,
1156 1330 1200 1361 vt
1226 1322 1339 1361 altera
1359 1322 1579 1361 extremitas
1603 1321 1656 1360 fili
1676 1321 1812 1360 metal-

531 1391 594 1430 lici
640 1390 832 1440 contingat
890 1398 1038 1438 aquam.
1123 1384 1207 1423 Tali
1250 1385 1396 1422 ratione
1438 1395 1522 1421 acus
1563 1393 1727 1422 mutatur
1771 1383 1810 1422 in

531 1464 668 1506 corpus
709 1450 930 1491 deriuatiuae
971 1447 1199 1486 elesticitatis
1235 1457 1358 1497 capax
1401 1444 1566 1485 infinitae
1600 1447 1812 1485 connexio-

533 1518 589 1558 nis
620 1527 707 1555 cum
740 1514 823 1554 aliis
856 1511 1055 1562 similibus,
1087 1520 1123 1550 et
1163 1507 1401 1549 elcstrificari
1433 1508 1529 1548 haud
1565 1508 1688 1561 potest
1731 1509 1778 1547 ita
1800 1540 1813 1559 ,

532 1591 575 1621 vt
609 1579 829 1619 electricitas
863 1589 929 1630 per
971 1573 1133 1614 notabile
1171 1583 1322 1625 tempus
1361 1571 1594 1612 conseructur
1629 1603 1641 1622 ,
1689 1574 1813 1610 conle-

534 1653 694 1698 quenter
728 1655 798 1682 nec
829 1640 1082 1681 directionem
1114 1636 1213 1677 suum
1234 1636 1445 1690 relinquere
1471 1636 1643 1689 poterit,
1676 1645 1812 1688 corpo-

537 1721 575 1749 re
610 1719 687 1748 non
723 1704 970 1745 elec‘trificato
1003 1702 1080 1742 alio
1114 1700 1329 1741 accedente.

654 1769 892 1810 Eleetricitas
925 1767 1017 1806 hacc
1053 1764 1226 1805 naturalis
1257 1772 1360 1802 certe
1393 1765 1440 1803 ita
1472 1770 1691 1815 comparata
1734 1761 1785 1802 est
1805 1795 1816 1813 ‚

538 1844 584 1875 vt
617 1847 694 1873 non
729 1831 943 1873 mirandum
981 1828 1067 1868 effer
1102 1860 1112 1878 ,
1154 1828 1178 1867 si
1228 1826 1392 1866 nonnulli
1439 1826 1588 1866 attoniti
1624 1825 1744 1878 magis
1774 1834 1813 1864 et

538 1898 718 1949 ancipitffi
751 1895 943 1935 insolitum
981 1892 1054 1931 hoc
1090 1890 1387 1943 phaenomenon
1428 1888 1814 1941 comtemplarentur,

540 1972 655 2014 quam
692 1968 735 1997 vt
767 1959 815 1998 de
847 1954 1127 1997 circumstantiis
1163 1953 1422 2007 phaenomcni
1452 1952 1674 1993 definiendis
1714 1951 1817 1991 solli-

540 2025 605 2064 citi
637 2019 770 2061 essent.
837 2020 956 2060 Poffet
987 2018 1091 2057 enim
1128 2018 1219 2056 alios
1253 2017 1390 2056 horror
1428 2016 1578 2070 quidam
1613 2015 1816 2067 naturalis,

541 2087 636 2127 alios
656 2094 780 2127 metus
798 2084 844 2125 ab
864 2082 1083 2125 educatione
1101 2089 1314 2134 generatus,
1333 2083 1380 2122 ab
1399 2080 1564 2122 alteriori
1583 2078 1817 2133 inquisitione

1697 2141 1822 2180 deter-
