2013 2703
537 178 598 210 20
853 163 974 210 DE
1043 164 1515 212 NVMERIS

535 309 599 339 ma
631 295 795 337 duorum
838 295 1101 348 quadratorum
1145 293 1258 349 (inter
1297 294 1332 334 (e
1363 293 1591 351 primorum)
1628 307 1696 350 per
1735 295 1834 337 mul-

535 361 819 415 tiplicationem
856 360 943 398 oriri
982 368 1142 412 nequeat
1177 390 1187 408 ,
1228 357 1298 398 nisl
1329 371 1380 400 ex
1411 362 1578 402 numeris
1615 393 1625 412 ‚
1662 361 1725 416 qui
1767 361 1834 417 ipsi

534 425 606 467 sint
642 425 814 465 summae
847 424 1012 465 duorum
1049 422 1330 478 quadratorum.

936 516 1334 562 COROLL.
1407 530 1448 558 2.

683 602 719 653 ξ.
772 616 842 654 24.
895 605 1046 646 Omnes
1079 616 1173 659 ergo
1204 605 1352 646 numeri
1387 636 1397 655 ,
1450 606 1514 659 qui
1556 603 1639 646 sunt
1670 603 1838 649 summae

533 667 699 710 duorum
734 669 998 723 quadratorum
1035 669 1132 709 iuter
1166 669 1201 710 se
1232 670 1481 722 primorum,
1517 669 1580 709 vel
1597 669 1663 723 ipsi
1689 670 1728 710 iu
1764 669 1836 712 hac

534 733 622 774 serie
658 745 908 774 numerorum
943 733 1160 787 primorum
1200 730 1468 773 continentur:

535 801 1517 850 2‚5,13,17‚29,37,41‚53,61‚73,89‚97,101,
1532 808 1628 847 109>
1643 810 1659 835 1
1674 810 1742 849 137
1762 808 1835 838 etc·

532 861 598 902 vel
632 872 681 901 ex
716 861 861 903 duobus
894 861 1107 917 pluribusne
1140 862 1303 903 numeris
1342 861 1450 903 huius
1489 858 1593 902 seriei
1636 873 1704 916 per
1742 861 1841 902 mul-

534 924 817 979 tiplicationem
860 935 1160 980 componuntur.
1230 925 1378 967 Omnes
1418 936 1543 966 autem
1597 925 1636 966 hi
1687 926 1837 966 numeri

534 989 651 1043 primi
694 998 845 1042 praeter
882 1002 905 1029 2
943 992 1088 1032 vuitate
1123 991 1312 1031 excedunt
1345 989 1566 1042 multiplum
1609 990 1836 1043 quaternarii

533 1053 594 1095 seu
626 1052 669 1094 in
700 1052 771 1095 hac
803 1053 928 1096 forma
969 1069 998 1107 4
1018 1068 1040 1096 n
1060 1062 1125 1101 -Ρ-
1153 1067 1171 1093 1
1211 1055 1465 1095 continentur.

932 1147 1334 1192 COROLL.
1408 1158 1450 1197 3.

684 1233 720 1283 §.
745 1244 817 1284 25.
838 1230 878 1276 Si
899 1233 1013 1288 igitur
1032 1232 1178 1274 summa
1197 1233 1363 1274 duorum
1383 1232 1648 1285 quadratorum
1668 1234 1840 1281 aa÷bb

533 1295 723 1337 diuifibilis
755 1298 798 1337 fit
831 1310 902 1350 per
934 1308 1136 1337 numerum
1158 1329 1169 1348 ,
1203 1297 1266 1351 qui
1283 1309 1361 1336 non
1379 1295 1487 1335 fuerit
1507 1296 1652 1336 summa
1669 1297 1835 1340 duorum

534 1361 806 1413 quadratorum
829 1374 840 1414 3
876 1360 965 1401 hinc
1000 1360 1230 1414 intelligetur
1269 1361 1442 1414 quadrata
1469 1359 1532 1400 illa
1551 1374 1611 1401 αα
1632 1370 1668 1399 et
1686 1360 1738 1401 bb
1759 1375 1838 1404 non

534 1423 606 1466 effe
639 1424 738 1465 inter
772 1423 807 1465 se
839 1426 967 1480 prima
988 1456 998 1476 ‚
1032 1436 1157 1479 neque
1189 1426 1286 1466 adeo
1320 1436 1454 1464 eorum
1496 1425 1638 1466 radices
1663 1438 1690 1466 a
1723 1437 1762 1467 et
1800 1426 1837 1469 b.

929 1518 1326 1563 COROLL.
1395 1534 1438 1572 4.

683 1601 718 1651 §.
757 1603 826 1640 26.
863 1598 964 1641 Cum
999 1610 1126 1642 autem
1157 1601 1184 1642 fi
1226 1615 1325 1643 a:
1346 1615 1406 1642 nc
1438 1611 1475 1641 et
1505 1601 1694 1643 bznd
1739 1603 1836 1644 sum-

533 1677 601 1708 ma
634 1665 794 1706 duorum
828 1665 1096 1718 quadratorum
1133 1679 1158 1706 a
1177 1680 1202 1706 a
1223 1674 1289 1713 —†-
1309 1667 1331 1707 b
1349 1667 1371 1707 b
1391 1679 1442 1705 z
1463 1678 1485 1705 n
1505 1678 1527 1705 n
1548 1664 1559 1719 (
1579 1680 1597 1706 ι·
1615 1680 1635 1706 c
1655 1673 1721 1712 -†-
1742 1669 1770 1707 d
1786 1666 1836 1723 d)

530 1742 601 1784 per
643 1729 816 1783 quemuis
857 1742 1057 1770 numerum
1101 1743 1154 1782 n,
1196 1732 1258 1784 qui
1293 1743 1368 1770 uon
1400 1730 1451 1769 est
1492 1729 1638 1769 stimma
1671 1731 1837 1771 duorum

533 1793 800 1847 quadratorum
822 1826 832 1845 ,
863 1794 978 1834 diuidi
999 1794 1109 1848 possit
1129 1824 1138 1843 ,
1173 1796 1360 1849 quoniam
1382 1805 1460 1833 nou
1479 1792 1595 1832 solum
1617 1805 1681 1846 per
1700 1807 1722 1833 n
1745 1822 1755 1845 ‚
1780 1795 1839 1836 sed

532 1859 647 1897 etiam
684 1869 754 1910 per
793 1869 857 1897 nn
892 1858 944 1898 est
977 1858 1192 1910 diuifibilis,
1224 1859 1374 1899 euidens
1392 1857 1444 1897 est
1465 1890 1475 1907 ,
1516 1856 1542 1896 si
1582 1855 1725 1898 summa
1744 1859 1842 1900 duo-

533 1933 618 1960 rum
651 1921 922 1973 quadratorum
958 1922 1148 1961 diuisibilis
1180 1922 1223 1962 sit
1259 1935 1327 1975 per
1356 1923 1579 1975 quempiam
1617 1934 1836 1974 numerum,

533 1984 596 2037 qui
618 1995 693 2023 nou
715 1984 767 2023 est
798 1982 944 2024 summa
965 1985 1127 2025 duorum
1148 1985 1412 2038 quadratorum
1437 2018 1446 2036 ,
1479 1995 1558 2026 tum
1580 1998 1664 2026 eam
1689 1998 1835 2039 quoque

533 2060 602 2102 per
636 2048 856 2100 quadratum
901 2048 1010 2088 liuius
1044 2050 1191 2089 numeri
1230 2050 1310 2089 fore
1348 2050 1587 2090 diuisibilem.
1637 2048 1701 2089 Sic
1745 2045 1851 2089 cum‘

533 2115 827 2163 45:13649
861 2112 906 2153 sit
946 2112 1088 2154 diuisib.
1124 2126 1192 2169 per
1229 2127 1251 2166 3
1277 2146 1287 2166 ,
1321 2114 1430 2156 simul
1463 2125 1610 2169 quoque
1650 2112 1839 2154 diuisibilis

532 2176 588 2218 est
629 2187 698 2231 per
734 2187 775 2226 9.
1592 2173 1829 2218 COROLL.
