2013 2703
719 166 750 225 l(
789 178 845 219 29
880 165 909 223 l(

153 301 312 343 merum
334 333 344 351 ,
377 297 502 340 valide
532 296 685 353 quidem
720 297 965 351 incalescere,
1000 298 1062 339 {ed
1097 298 1249 352 perduci
1281 310 1331 340 eo
1371 312 1470 341 uun-

152 379 269 421 quam
307 365 409 418 poffe
430 395 440 413 ,
476 373 518 403 vt
549 372 589 402 et
625 362 698 414 ipsa
732 362 897 402 ebulliat.
935 361 1083 416 Sponte
1117 364 1149 402 ie
1182 362 1244 403 hic
1279 363 1468 405 offerente

154 429 352 471 occasione
372 460 384 480 ,
419 427 586 467 exacuas
616 425 711 465 hanc
743 437 827 464 rem
863 426 1015 466 Auctor
1049 428 1202 467 rimatus
1234 427 1285 467 est
1305 460 1315 480 ,
1358 439 1469 480 atque

153 493 329 543 inuenit,
364 493 431 532 vix
468 502 633 543 mquam
668 489 763 528 vltra
795 492 955 540 gradum
995 500 1080 537 205
1121 489 1313 530 ascendere
1333 492 1468 531 Ther-

153 567 390 598 mometrum
423 551 782 594 Fahrenheitianum
806 583 816 601 ‚
852 551 877 591 fi
912 551 1164 604 immergatur
1198 565 1312 605 aquae
1332 587 1343 606 ,
1380 554 1465 595 vase

152 620 381 667 metallico,
415 616 518 669 quod
551 615 720 667 Vndique
754 614 889 654 maiori
926 615 1134 655 ebullientis
1184 628 1301 668 aquae
1352 621 1465 671 copia

152 682 320 724 cinstum
353 679 405 719 est
425 709 437 728 ‚
469 688 705 731 contentae3
757 678 856 731 quod
893 688 1023 719 tamen
1077 678 1429 721 Thermometrum
1451 716 1463 733 ‚

150 744 342 784 ebullienti
375 755 487 796 aquae
521 743 743 782 immediate
776 741 1000 782 immersum
1044 755 1233 796 nunquam
1287 755 1364 783 non
1415 745 1461 786 ad

147 809 307 860 gradum
351 819 436 845 212
489 806 688 848 adscendit.
735 804 925 858 suspicari
978 807 1059 860 quis
1110 807 1262 859 posset,
1314 807 1461 849 cauffim

146 870 256 912 huius
278 870 534 912 Phaenomeni
554 871 672 911 latere
689 868 809 912 forsan
829 871 867 910 in
887 882 934 910 eo
954 900 966 920 ,
992 871 1092 924 quod
1119 884 1210 924 aqua
1242 884 1318 911 non
1338 883 1461 924 capax

147 936 298 988 quidem
335 936 377 975 snt
410 936 544 975 caloris
576 935 656 974 eius
697 966 708 987 ‚
760 935 822 988 qui
868 946 954 974 212
992 935 1124 988 gradui
1170 935 1463 975 Thermometri

148 999 451 1040 Pahrenhcitiani
485 999 690 1052 respondet
710 1032 720 1051 ‚
754 998 806 1038 ast
839 999 942 1051 quod
973 998 1177 1052 superfluus
1211 1000 1305 1052 ignis
1339 1031 1349 1050 ,
1402 1011 1459 1039 ar-

146 1075 306 1116 gentum
343 1067 503 1111 viuum,
555 1064 655 1115 quod
706 1064 896 1103 maiorem
919 1094 929 1113 ‚
980 1075 1096 1115 quam
1148 1075 1241 1117 aqua
1291 1074 1461 1116 recipere

149 1125 272 1178 potest
304 1125 468 1165 calorem
489 1157 500 1172 ,
534 1127 648 1164 intret
669 1158 680 1175 ,
709 1135 752 1163 vt
786 1127 834 1165 sic
881 1125 1095 1166 Mercurius
1143 1129 1335 1167 maiorem
1387 1127 1460 1167 ob-

147 1188 266 1227 tineat
301 1200 391 1240 aqua
421 1187 614 1226 ambiente
648 1186 818 1225 calorem
848 1217 858 1237 ,
907 1196 1016 1239 atque
1051 1189 1099 1227 ad
1149 1187 1306 1240 gradum
1364 1202 1457 1228 212

145 1251 338 1290 ascendere
371 1259 538 1301 cogatur.
576 1247 649 1288 Sed
687 1248 811 1287 ullam
845 1245 920 1287 esse
955 1249 1051 1289 hanc
1086 1250 1316 1302 hypothefin
1336 1251 1457 1293 osten-

144 1312 199 1352 dit
234 1313 383 1352 Auctor
402 1344 413 1363 ‚
445 1313 720 1364 experimento
753 1322 829 1364 quo
861 1311 1004 1363 docet,
1038 1312 1168 1353 oleum
1200 1313 1292 1353 loco
1343 1327 1457 1368 aquae

142 1376 218 1417 vafi
254 1376 446 1416 metallico
464 1408 474 1426 ,
506 1377 554 1416 ab
583 1374 787 1415 ebulliente
817 1387 909 1428 aqua
941 1376 1179 1417 circumdato
1203 1408 1215 1428 ,
1266 1376 1424 1419 infusum
1447 1411 1458 1432 ,

143 1453 355 1494 quanquam
393 1439 527 1479 itidem
564 1439 719 1480 maioris
720 1472 748 1504 -2
784 1451 895 1492 quam
929 1452 1021 1493 aqua
1042 1473 1053 1492 ,
1085 1440 1220 1481 caloris
1237 1453 1360 1495 capax
1379 1443 1455 1493 fit,

144 1517 335 1557 nunquam
368 1514 499 1544 tamen
533 1504 635 1544 vltro
687 1504 844 1556 gradum
882 1513 964 1552 205
1024 1504 1250 1545 incalescere.
1318 1505 1456 1560 Neque

144 1569 242 1608 ratio
275 1569 362 1607 inde
396 1567 557 1621 petenda
592 1567 644 1607 est
664 1601 675 1621 ,
708 1568 808 1620 quod
841 1579 907 1608 vas
939 1581 1075 1621 aquam
1111 1571 1452 1620 continens‚dum

145 1631 409 1685 experimenta
442 1631 536 1678 haec
569 1631 806 1672 instituuntur
828 1662 838 1681 ‚
870 1644 949 1671 non
983 1642 1107 1672 totum
1159 1634 1198 1672 in
1250 1633 1452 1674 ebulliente

141 1706 234 1748 aqua
269 1693 492 1736 submersum
531 1696 602 1735 elle
635 1695 759 1749 solet,
793 1696 853 1735 {ed
888 1697 1011 1748 aliqua
1046 1697 1097 1736 sui
1132 1707 1238 1749 parte
1278 1709 1327 1738 cx
1374 1698 1452 1751 ipsa

143 1760 351 1811 prominet.
420 1759 615 1813 Expertus
646 1761 751 1800 enim
786 1759 836 1799 est
872 1756 1017 1799 Clariss.
1052 1761 1206 1801 Auc'tor
1242 1793 1252 1811 ,
1306 1761 1452 1802 etiamsi

146 1831 211 1860 vas
243 1823 391 1875 penitus
424 1836 514 1877 aqua
547 1822 746 1864 ebulliente
779 1823 878 1863 vltra
910 1823 1045 1863 homm
1080 1823 1278 1863 obtectum
1312 1823 1451 1876 sperit,

147 1894 359 1925 contentam
397 1887 644 1928 nihilominus
675 1886 760 1927 vase
792 1886 866 1926 hoc
901 1899 1066 1940 aquam,
1116 1900 1305 1940 nunquam
1354 1887 1452 1928 vltra

144 1949 298 1997 gradum
336 1961 417 1998 205
456 1952 641 1991 incaluifle
678 1981 688 2000 ,
740 1960 784 1990 vt
835 1951 959 2004 itaque
1011 1950 1314 1991 concludendum
1367 1950 1448 1999 fit,

142 2008 256 2047 latere
292 2012 407 2051 etiam
440 2014 501 2055 hic
533 2025 682 2056 naturae
717 2026 892 2055 arcanum
927 2015 1122 2068 quoddam
1144 2046 1155 2068 ,
1175 2015 1279 2056 cuius
1304 2014 1449 2056 causam

141 2074 302 2113 omnino
333 2075 378 2115 ad
411 2074 484 2116 huc
515 2078 748 2132 ignor-amus).

754 2142 779 2183 d
817 2156 841 2191 3
1370 2140 1442 2195 Ῑνέ
