2013 2703
553 156 640 193 400
896 136 1413 184 ,DESCRIPTIO

547 254 719 296 foramen
761 254 900 310 aliquid
943 252 1099 294 effluere
1129 253 1255 308 ‘possit
1276 284 1289 307 ‚
1333 252 1433 294 ,illud
1466 252 1582 294 enim
1626 255 1824 297 necessario

531 355 533 359 Α
547 317 825 372 constringitur.

662 379 816 419 Tumor
836 410 848 430 ,
883 380 929 420 de
962 393 1038 434 quo
1072 380 1254 421 haeremus
1287 380 1498 420 sermonem
1521 380 1613 430 feci,
1647 381 1826 428 folliculus

529 443 597 483 -est
643 441 845 483 moschum
874 446 1085 484 *continens
1104 477 1114 495 ‚
1147 446 1249 485 cuius
1278 445 1371 484 adeo
1406 444 1491 484 situs
1509 444 1619 497 plane
1641 444 1730 483 alius
1747 447 1825 495 est,

544 518 587 545 ac
621 507 684 560 qui
715 507 1018 550 adhuc‚tmditus
1052 508 1139 559 fuit3
1183 520 1320 547 omnes
1352 508 1459 547 enim
1492 508 1704 560 scriptores,
1734 520 1828 562 quos

545 569 619 609 hac
653 569 700 609 de
721 582 772 614 re
803 571 1007 620 consului,
1040 570 1280 612 Miffionariis
1314 570 1490 623 Danicis,
1529 573 1567 611 in
1603 585 1667 611 ora
1703 569 1828 612 Coro-

546 633 763 674 mandelina
805 634 1054 685 verfimtibus,
1097 637 1301 685 exceptis,
1335 637 1396 688 qui
1439 648 1509 688 pro
1549 636 1722 675 testiculis
1762 635 1830 675 ha-

545 696 657 748 beut,
693 709 772 737 vno
806 698 999 739 affirmant
1032 710 1100 737 ore
1121 730 1132 748 ,
1183 697 1390 738 folliculum
1433 698 1702 740 moschiferum
1739 711 1830 739 vm-

543 760 644 800 bilici
665 762 865 815 vquandam
899 760 1192 803 excrescentium
1228 761 1326 812 effe,
1362 760 1423 800 vel
1457 773 1645 802 tumorem
1672 794 1681 811 ,
1718 763 1828 815 plane

545 834 590 863 vt
623 825 716 864 olim
753 827 801 866 de
819 821 982 879 Tajnu,
1016 825 1086 865 siue
1106 825 1218 878 Apro
1236 825 1449 866 Mexicano
1470 824 1722 874 molchifero‚
1758 827 1830 866 viri

546 887 682 927 eruditi
724 888 784 928 diu
827 887 1040 939 stuserunt,
1089 880 1251 941 quorum
1290 900 1566 928 veioerrores
1607 887 1661 928 D.
1698 889 1829 936 ‘sylon

545 949 661 990 solide
693 951 860 991 excuffit.
917 951 1006 995 ,Sed
1043 952 1106 991 vel
1137 964 1188 991 ex
1222 952 1296 991 hoc
1332 951 1516 1003 exemplo
1551 961 1687 1003 patet,
1739 965 1826 992 con-

545 1011 686 1053 suetum
728 1015 800 1053 effe
840 1014 973 1066 plebi,
1024 1026 1141 1053 omne
1182 1014 1270 1054 illud
1309 1027 1383 1067 pro
1423 1014 1607 1054 vmbilico
1646 1016 1828 1067 vendere,

544 1077 646 1132 quod
670 1075 706 1116 in
726 1073 850 1129 aliquo
868 1074 1096 1116 inferiorum
1118 1078 1300 1128 partium,
1335 1077 1394 1116 vel
1430 1078 1593 1129 ventris,
1628 1078 1692 1118 vel
1711 1078 1829 1130 dorfi,

543 1142 778 1192 protuberat,
814 1140 979 1193 ,quando
1013 1141 1049 1180 id
1070 1152 1156 1179 ‘nec
1189 1141 1278 1192 peni
1313 1153 1380 1180 nec
1414 1140 1588 1180 testiculis
1617 1142 1830 1195 comparari

530 1195 671 1255 ¹potest
692 1235 702 1253 ‚
756 1216 831 1257 quo
863 1205 985 1244 minus
1016 1204 1113 1242 vitio
1146 1202 1216 1243 illis
1248 1205 1374 1243 nimio
1406 1208 1502 1244 verti
1537 1207 1679 1257 poterit
1705 1231 1716 1254 ,
1768 1205 1830 1258 qui

543 1265 651 1307 huius
677 1266 849 1309 animalis
881 1266 1093 1306 folliculum
1125 1266 1162 1304 in
1206 1277 1339 1306 ventre
1374 1268 1500 1317 situm,
1539 1281 1611 1320 pro
1643 1268 1831 1310 vmbilico

544 1328 697 1371 habent.
762 1329 931 1370 Indicaui
965 1330 1064 1382 supra
1085 1361 1096 1380 ,
1139 1342 1217 1382 quo
1258 1331 1294 1368 in
1331 1331 1419 1369 loco
1453 1330 1662 1369 rudimenta
1698 1331 1829 1370 vmbi-

544 1393 606 1433 lici
648 1393 912 1447 conspexerim
933 1424 943 1444 ,
970 1404 1036 1432 ex
1070 1405 1147 1445 quo
1187 1392 1265 1431 satis
1305 1393 1457 1430 evidens
1499 1391 1551 1430 est
1578 1423 1588 1442 ,
1622 1391 1827 1433 folliculum

542 1457 758 1497 distinctum
795 1456 1074 1507 planeucorpus
1094 1455 1155 1497 >ab
1189 1453 1372 1492 vmbilico
1405 1453 1492 1493 effe.

665 1520 720 1559 Vt
767 1518 876 1559 fitum
911 1517 1066 1558 folliculi
1100 1518 1252 1568 eiusque
1288 1528 1556 1555 nexumecum
1592 1516 1670 1556 aliis
1705 1518 1826 1569 parti-

546 1583 614 1624 bus
641 1582 846 1623 distineiius
880 1591 1038 1630 notem,
1072 1581 1158 1620 licet
1194 1581 1231 1619 in
1273 1579 1506 1632 sequentibus
1524 1579 1672 1618 vberius
1691 1580 1727 1618 id
1754 1592 1827 1620 ex-

547 1647 736 1701 positurus
765 1645 854 1693 sim,
894 1643 968 1684 hoc
1000 1645 1087 1684 loco
1120 1653 1266 1682 tantum
1305 1654 1472 1689 moneo,
1508 1653 1594 1682 eum
1629 1642 1826 1695 posterius,

548 1721 588 1750 et
617 1710 752 1751 sinistra
787 1708 838 1747 sui
883 1718 1019 1760 parte,
1053 1719 1138 1747 cum
1182 1705 1331 1745 wethi-a
1371 1703 1561 1744 conncffi.
1659 1707 1826 1762 Qualem

548 1787 634 1814 cum
677 1783 771 1826 pene
810 1771 944 1810 habeat
986 1770 1271 1810 connexionem
1295 1800 1304 1815 ,
1345 1769 1465 1808 adhuc
1505 1769 1628 1808 dicere
1662 1781 1828 1822 nequeo,

548 1838 633 1890 quia
659 1848 737 1876 eius
765 1846 811 1873 ne
841 1834 1039 1886 vestigium
1059 1834 1210 1885 quidem
1239 1833 1357 1871 adhuc
1387 1833 1492 1885 vidiz,
1528 1841 1676 1872 tantum
1704 1833 1823 1884 abest,

548 1910 591 1938 vt
629 1902 735 1952 penis
767 1897 921 1937 folliculi
957 1909 1093 1949 corpus
1127 1895 1281 1934 transeat
1311 1928 1321 1945 ,
1356 1905 1467 1948 prout
1501 1908 1630 1935 recens
1670 1896 1824 1948 quidam

549 1961 708 2013 scriptor
749 1970 883 2000 contra
918 1960 1114 2012 ,vulgarem
1155 1960 1374 1998 sententiam
1424 1960 1575 1998 asserere
1613 1959 1716 1998 ausus
1757 1959 1822 1998 est.

549 2025 710 2064 Videtur
741 2033 841 2062 certe
878 2032 1005 2062 natura
1027 2054 1037 2072 ,
1089 2035 1177 2061 cum
1212 2023 1308 2061 lexui
1345 2021 1546 2062 masculino
1580 2024 1618 2062 in
1649 2022 1725 2062 hoc
1758 2033 1826 2074 ge·

535 2101 636 2135 ,nere
682 2086 910 2127 animalium
964 2096 1021 2126 tot
1058 2085 1212 2138 insigues
1259 2096 1365 2127 notas
1395 2084 1645 2137 concesserit,
1694 2085 1825 2135 quibus

1651 2145 1824 2188 asoemi-
