2013 2703
531 113 638 156 ET
701 110 1170 156 EIVSVSV.
1398 130 1484 170 315

198 234 350 284 debere,
361 233 585 275 aur-afflone
598 233 949 288 praecedentefloc
961 232 1074 281 fileto,
1087 239 1256 273 teneatur
1267 231 1305 273 in
1316 232 1488 276 distantia

197 298 362 352 quinque
401 299 462 338 vel
495 299 558 338 sex
593 300 797 351 digitorum
819 312 839 338 a
859 298 984 338 subere
1018 296 1147 338 circini
1181 309 1278 350 pes,
1313 308 1351 338 et
1385 311 1487 340 acce-

195 363 259 403 det
296 362 415 403 statim
451 364 497 403 ud
528 363 682 403 maffim
719 362 1004 403 electrificatam
1037 362 1144 402 (uber
1173 391 1184 410 ,
1220 362 1387 402 euidenti
1431 364 1489 403 in-

193 426 312 477 diciO,
333 428 422 468 illud
442 427 690 467 electi-{citatis
710 427 887 466 iac'turam
908 425 1056 480 passum
1087 423 1182 476 effe,
1202 436 1240 465 et
1272 426 1490 467 adhaerebit

195 491 333 530 mtlffile
351 490 612 531 eleftrificatae
633 480 799 529 similiter
820 505 827 528 :
850 502 1010 542 ponatur
1028 489 1115 528 dein
1142 488 1278 540 digitus
1297 490 1397 530 inter
1419 503 1488 544 pe-

193 554 284 594 dem
305 556 438 594 circini
460 566 495 595 et
515 554 666 594 frustum
689 553 836 603 suberis,
857 553 1067 606 digitusque
1086 551 1273 604 adpropin
1284 566 1409 605 quetur
1429 554 1486 594 su-

192 617 287 668 beri,
306 629 342 658 et
362 618 509 658 accedet
529 615 631 656 suber
651 616 697 658 ad
716 617 879 670 digitum
898 649 909 668 ,
931 628 1070 669 nempe
1097 627 1234 667 corpus
1260 616 1485 658 eleetrifica-

191 692 273 722 tum
294 683 338 722 ud
361 694 437 721 non
455 680 756 721 elee'trificatum.
787 680 872 720 Hoc
892 680 1063 733 repetitis
1082 679 1224 718 vicibus
1242 678 1324 719 fieri
1344 681 1484 734 potest.

311 742 372 798 4.)
405 744 451 784 In
487 745 618 784 medio
653 743 850 785 siccilsimo
871 777 880 795 ,
914 754 1100 799 quantum
1167 742 1322 796 potest,
1362 757 1483 798 expe-

189 808 355 848 rimenta
388 808 564 848 elec'trica
596 811 677 848 lunt
711 808 930 849 instituenda
961 823 969 848 ;
1006 807 1205 848 humidum
1238 819 1368 847 aerem
1406 808 1482 848 ele-

189 871 372 912 &ricitati
407 871 563 913 officere
593 873 639 913 ab
672 874 851 914 omnibus
885 871 1008 912 ferme
1041 880 1217 911 notatum
1239 870 1321 922 est,
1356 884 1483 926 neque

187 934 322 975 dubito
357 936 780 988 genuinam'rationem
802 970 813 988 ,
863 949 928 976 cur
958 935 1046 987 fiat,
1081 935 1237 976 allatam
1269 933 1402 988 fuiffe,
1435 935 1483 976 li·

187 1009 248 1038 cet
285 998 383 1038 mihi
421 1011 497 1039 non
531 1000 728 1049 innotuit,
764 999 788 1038 fi
821 1001 902 1053 quis
935 1000 1064 1040 fuerit.
1137 997 1178 1039 Si
1219 999 1391 1040 medium
1427 999 1482 1042 est

187 1061 392 1101 humidum
416 1095 426 1113 ,
461 1062 708 1102 humiditates
738 1074 758 1101 a
794 1063 907 1102 mafla
939 1060 1180 1101 electrificata
1225 1062 1478 1116 attrahuntur,

187 1135 227 1164 et
249 1138 324 1165 non
356 1125 459 1166 facile
494 1126 725 1179 separantur,
759 1138 829 1165 nec
858 1125 1088 1178 repelluntur
1121 1124 1173 1164 ob
1192 1123 1479 1169 cohaesionem.

186 1188 384 1245 thenus
417 1201 543 1230 tamen
580 1189 818 1228 humiditates
858 1188 997 1228 massae
1037 1187 1310 1228 eleetrificatae
1342 1189 1476 1231 adhae-

186 1263 302 1304 rent,
336 1253 480 1292 nullum
514 1253 804 1292 decrementum
838 1251 1092 1292 elec'tricitatis
1126 1253 1263 1304 oritur,
1298 1253 1364 1294 nisi
1393 1263 1475 1306 gut.

183 1315 286 1355 tulae
321 1314 470 1367 illapsae
506 1327 670 1368 aqueae,
705 1315 872 1355 admotis
889 1316 970 1356 aliis
988 1314 1212 1369 corporibus
1230 1315 1368 1356 obtusis
1385 1317 1479 1359 infi-

184 1378 303 1429 uitis,
354 1380 528 1419 conicum
563 1379 724 1431 figuram
763 1380 1019 1420 nanciscantur
1039 1410 1053 1431 ‚
1086 1390 1126 1419 et
1175 1391 1297 1419 conos
1332 1379 1477 1423 lucidos

174 1443 377 1482 emittant.
442 1441 754 1483 Decrementum
790 1444 882 1484 istud
916 1443 1034 1483 oritur
1067 1444 1190 1496 potius
1208 1442 1259 1483 ob
1278 1442 1478 1486 fulcimen-

182 1514 220 1545 ta
255 1505 471 1546 humecta-³
495 1536 506 1555 ‚
550 1519 641 1559 quae
683 1507 924 1547 elec‘trificata
967 1520 1038 1560 per
1077 1507 1475 1550 communicationem

179 1568 322 1608 eodem
353 1569 549 1619 attrahunt
584 1569 840 1622 humiditates,
876 1584 919 1612 ac
950 1583 1114 1625 corpora
1148 1571 1376 1612 deriuatiuae
1395 1572 1474 1613 ele·

183 1631 372 1672 &triennis
406 1632 660 1674 electrificata.
726 1634 797 1675 Ista
829 1634 1071 1675 liumestatio
1105 1647 1156 1675 eo
1185 1635 1374 1688 promtius
1393 1635 1439 1676 fit
1459 1669 1472 1689 ‚

183 1707 258 1749 quo
297 1695 516 1736 electricitas
554 1697 746 1738 efficacior
780 1699 964 1739 excitatur
998 1728 1011 1749 ‚
1053 1709 1093 1738 et
1124 1698 1217 1738 haec
1251 1698 1303 1738 est
1339 1700 1468 1753 ratio,

181 1771 248 1799 cur
298 1758 517 1800 elestricitas
565 1762 603 1801 in
656 1761 793 1816 frigido
833 1762 1004 1802 conclaui
1033 1761 1305 1815 speftatoribus
1337 1763 1470 1803 multis

181 1822 434 1875 praesentibus
474 1824 582 1863 initio
622 1823 672 1864 sat
718 1826 839 1866 valida
880 1826 953 1877 lit,
986 1837 1084 1865 mox
1118 1835 1246 1865 tamen
1280 1825 1468 1868 decrescat

180 1895 219 1924 et
253 1885 442 1926 interdum
477 1885 605 1927 cesset.
672 1888 927 1930 Humiditates
959 1890 1061 1929 enim
1106 1902 1159 1929 ex
1199 1888 1468 1942 spectatoribus

181 1949 430 2003 praesentibus
467 1962 533 2002 per
565 1951 890 2005 transpirationem
924 1952 1170 1993 insensibilem
1215 1953 1368 1993 emissae
1409 1964 1467 1994 at-

180 2013 378 2053 trabuntur
411 2027 430 2054 a
461 2013 687 2055 fulcimentis
717 2029 925 2070 corporum
954 2016 1205 2057 elestrifictitis
1224 2050 1234 2068 ‚
1264 2030 1360 2071 quae
1379 2031 1468 2058 mu-

178 2085 305 2117 tantur
366 2078 408 2118 in
487 2090 649 2132 corpora
700 2079 923 2122 deriuatmae
985 2081 1239 2123 elec‘tricitatis
1302 2081 1467 2123 infinita.

712 2144 749 2185 R
784 2157 802 2184 r
835 2157 859 2183 2
1355 2144 1465 2186 Con·
