2013 2703
517 163 606 203 230
661 140 1174 194 RESOLVTIONES
1215 137 1745 187 PROBLEMATVM

518 279 625 326 gutur
659 260 964 323 perpendicularis
996 257 1111 310 DF,
1143 266 1182 298 et
1216 257 1302 299 huic
1334 257 1401 299 fiat
1419 261 1577 314 aequalis
1597 262 1703 312 AH,
1738 264 1808 303 exit

514 337 734 380 chb-
755 324 978 386 {³:2y3
1023 332 1075 373 sm
1117 330 1230 384 igitur
1259 328 1347 372 HG
1387 330 1568 373 bilecetur
1600 334 1637 374 in
1674 295 1742 384 F,

517 404 680 454 erigatur
714 395 1028 451 perpendicularis
1062 395 1128 436 EI
1177 394 1298 434 secans
1342 394 1571 448 superiorem
1613 394 1720 436 BC
1711 410 1747 436 in
1771 343 1824 448 If

520 464 666 504 dabitur
699 463 738 502 in
772 462 790 501 I
813 469 983 509 centrum
1020 471 1124 499 arcus
1160 455 1248 500 CK
1270 456 1304 498 Β
1322 460 1418 498 etin
1437 456 1476 500 G
1496 468 1674 499 centrum
1713 473 1816 500 arcus

520 524 683 582 ACK,
718 537 813 580 quae
846 523 978 564 omnia
1013 523 1186 565 vlteriori
1227 523 1550 565 demonstratione
1581 535 1660 565 non
1691 533 1815 577 egent.

330 664 363 699 T
376 670 430 692 n-
460 651 524 689 Vl·
648 657 682 705 ξ.
719 652 834 697 XLI.
869 653 982 697 Nihil
1015 656 1147 694 attinet
1180 655 1305 696 dicere
1337 655 1384 695 de
1419 653 1574 695 arcubus
1614 651 1790 695 Gothicis

387 723 513 772 Figa.
534 716 710 771 Gallice,
745 731 832 761 arcs
867 722 891 761 ἰι
920 721 1012 760 tiers
1036 720 1140 773 point
1160 750 1170 769 ‚
1205 720 1242 758 in
1276 720 1408 772 quibus
1424 728 1556 758 centro
1599 719 1638 758 A
1668 750 1678 770 ,
1719 718 1823 757 radio

535 784 617 829 AB
637 815 648 834 ‚
682 784 897 824 describitur
926 794 1026 823 arcus
1056 779 1133 822 BC
1157 812 1166 831 ‚
1203 783 1340 821 eodem
1373 783 1632 826 deinderadio
1652 814 1662 832 ,
1697 792 1825 820 centro

533 848 598 902 B,
633 860 738 888 arcus
771 843 882 898 AC,
921 856 964 885 vt
992 847 1040 886 ita
1075 846 1303 897 triangulum
1340 845 1577 884 rectilineum
1612 842 1739 883 ΑΒΕ
1783 843 1825 882 sit

536 912 815 966 aequilaterum.
892 910 1080 966 Quamuis
1116 909 1222 949 enim
1268 908 1391 947 iudice
1425 906 1603 948 Blondello
1639 909 1674 947 in
1707 906 1827 947 Coum

539 974 840 1018 d’ArchiteHure
864 983 909 1028 p.
945 986 1036 1023 4¹9
1067 1006 1077 1024 ,
1110 973 1200 1011 tales
1234 983 1340 1010 arcus
1371 971 1546 1010 omnium
1582 971 1651 1009 sint
1683 969 1825 1009 fortiffi-

536 1042 592 1080 mi
626 1041 672 1078 ad
707 1039 881 1090 gestanda
913 1048 1058 1085 onera,
1093 1035 1373 1084 minimumque
1408 1032 1640 1085 impulsionis
1659 1034 1747 1086 (pou
1775 1029 1828 1083 be)

539 1102 679 1141 faciant
713 1102 752 1139 in
786 1099 861 1138 suas
893 1098 985 1150 pilas
1006 1127 1016 1146 ‚
1049 1096 1150 1136 vnde
1185 1096 1261 1136 sine
1297 1096 1411 1136 dubio
1448 1096 1488 1135 in
1523 1095 1700 1136 aedificiis
1744 1095 1829 1138 Go-

537 1164 647 1204 thicis
677 1163 836 1215 antiquis
855 1194 866 1213 ,
901 1160 1082 1214 templiS,
1120 1161 1266 1213 portis,
1300 1159 1498 1212 fenestris,
1533 1172 1584 1200 ex
1616 1160 1687 1200 hac
1714 1160 1830 1201 caussa

539 1237 729 1283 perpetuo
763 1225 912 1266 fuerunt
943 1225 981 1264 in
1013 1225 1110 1275 vsu,
1145 1233 1276 1264 tamen
1310 1225 1444 1264 eodem
1487 1224 1627 1264 arbitro
1669 1223 1827 1277 grauissi-

543 1304 614 1333 mo
644 1324 654 1342 ,
694 1291 844 1330 exulare
886 1287 1027 1326 debent
1063 1286 1103 1325 lii
1135 1300 1236 1327 arcus
1271 1300 1322 1327 ex
1354 1287 1534 1328 omnibus
1564 1287 1741 1329 aedificiis
1777 1289 1834 1328 se-

544 1355 710 1395 cundum
748 1350 890 1404 regulas
927 1350 1070 1402 probae
1105 1359 1142 1388 et
1175 1351 1350 1402 elegantis
1369 1351 1656 1390 Architecturac
1691 1352 1837 1390 exstru-

545 1418 679 1468 endis,
713 1428 808 1469 quae
838 1425 980 1465 nempe
1017 1411 1192 1464 nuliiuam
1230 1411 1393 1451 tolerant
1427 1411 1618 1463 poplitem
1655 1413 1750 1451 adeo
1779 1414 1835 1451 in-

546 1483 690 1535 signem
725 1489 763 1519 et
796 1477 1027 1519 iuueuustum
1051 1509 1060 1526 ‚
1092 1475 1240 1529 qualem
1277 1474 1315 1514 hi
1348 1486 1450 1513 arcus
1484 1476 1521 1513 iu
1542 1475 1757 1515 summitate
1777 1475 1836 1516 sna

548 1557 638 1599 prae
657 1543 690 1583 se
726 1542 846 1583 ferunt
881 1575 891 1592 ,
924 1552 1046 1594 eoque
1079 1541 1208 1581 oculos
1241 1537 1479 1590 intelligentis
1510 1536 1728 1591 spcc‘tatoris
1765 1541 1840 1580 mi-

548 1621 633 1650 rum
666 1609 705 1648 in
740 1607 900 1648 modum
936 1605 1098 1645 laedunt.

671 1738 705 1786 §.
742 1735 874 1778 XLII.
930 1736 978 1776 Isi
1022 1734 1130 1775 tectis
1165 1733 1366 1774 rectilineis
1403 1732 1519 1774 ctiam
1556 1732 1676 1774 multa
1709 1744 1840 1773 occur-

558 1813 646 1843 runt
667 1834 677 1853 ,
709 1814 805 1855 quae
841 1800 1153 1841 mathematicam
1197 1798 1401 1837 admittunt
1428 1799 1705 1851 cognitionem.
1740 1795 1840 1837 Can«

564 1866 674 1905 therii
709 1867 895 1905 tectorum
917 1898 927 1916 ,
963 1863 1045 1909 (les
1064 1859 1277 1915 chevrons)
1313 1863 1356 1902 ab
1375 1862 1559 1914 impositis
1593 1861 1727 1915 tegulis
1758 1871 1839 1914 pre-

562 1939 744 1981 muntur,
781 1929 949 1982 adeoque
983 1928 1133 1980 propius
1164 1926 1208 1964 ab
1244 1925 1301 1965 his
1335 1927 1379 1966 ad
1410 1925 1608 1966 fracturam
1630 1927 1846 1978 adiguntur,

564 2004 676 2043 quam
717 1993 742 2032 si
786 1993 891 2032 liberi
934 1992 979 2031 ab
1012 1990 1086 2030 hoc
1123 1991 1382 2042 integumento
1407 2021 1418 2041 ,
1451 1987 1658 2030 ncceffario
1687 2000 1815 2030 tamen
1837 2018 1846 2036 ,
1885 2000 1895 2011 ·

409 2050 480 2099 fig·
510 2060 544 2092 4·
568 2055 699 2095 esseut.
765 2056 964 2109 Quaeritur
997 2055 1114 2106 itaque
1136 2088 1145 2105 ,
1179 2066 1222 2093 au
1258 2055 1400 2094 tectum
1434 2054 1542 2094 altius
1580 2051 1690 2103 BA,
1732 2051 1849 2103 magis

569 2129 760 2174 prematur
795 2119 839 2160 ab
871 2119 1054 2172 imposito
1089 2119 1152 2160 sibi
1188 2130 1303 2158 onere
1338 2117 1544 2172 tegularum
1565 2150 1575 2170 ,
1607 2129 1718 2173 quam
1751 2125 1847 2154 vcro

1700 2179 1838 2220 teetum
