2013 2703
214 166 518 215 CALORIS
547 164 965 214 SOLIDORVM
995 168 1067 212 IN
1101 168 1284 214 AERE
1353 180 1436 219 245

188 287 231 344 α)
267 288 384 330 Affici
417 290 572 343 quidem
603 288 751 328 met-,illa
778 289 896 330 etiaim
932 288 977 329 ab
997 288 1076 329 istis
1110 288 1295 341 particulis
1327 289 1446 343 igneis

216 352 522 393 adscendentibus
562 363 602 392 et
644 355 804 393 nancisci
837 354 1021 394 maiorem
1062 352 1228 391 calorem
1264 385 1276 403 ,
1327 366 1444 406 quam

214 430 308 470 aqua
339 429 458 470 capax
489 418 578 456 effer
597 449 608 468 ‚
643 429 721 455 non
750 417 1005 469 t21nie11poffe
1023 416 1310 456 communicare
1329 416 1443 456 istum

215 480 386 520 calorem
419 492 537 534 aquae
569 483 605 519 in
640 481 799 520 canitate
828 490 1032 520 contentae
1053 513 1062 529 ,
1093 491 1187 532 quae
1223 480 1319 519 illius
1338 480 1444 519 calo-

213 545 262 584 ris
298 557 375 584 non
394 556 515 597 capax
548 544 636 582 effer
656 575 666 593 ‚
700 543 785 582 hinc
823 556 941 596 neque
961 543 1314 583 Thermometrum
1335 541 1445 597 posse

213 606 313 648 affiti
334 641 344 658 ,
380 619 423 648 vt
456 608 658 647 mercurius
690 605 884 647 adscendait
914 607 959 647 ad
992 619 1048 660 gr.
1085 617 1188 645 212.

290 735 451 775 Videtur
479 733 632 788 quidem
664 737 728 784 (1)
764 737 891 789 igneas
922 735 1118 789 particulas
1150 735 1268 776 etiam
1290 748 1342 777 ex
1361 748 1443 777 me.

150 799 240 839 tallo
272 811 340 853 per
372 811 503 853 aquam
540 799 577 837 in
610 801 766 840 cauitate
801 810 1025 841 contentam
1066 799 1329 841 adscendentes
1360 799 1446 842 affi-

148 875 234 902 cere
266 862 403 903 debere
436 862 782 904 Thermometrum
805 876 843 904 et
875 864 1022 904 eleuare
1052 865 1286 904 mercurium
1319 865 1365 904 ad
1385 877 1440 917 gr.

155 938 270 980 2123
305 933 369 976 (2)
403 928 634 966 mercurium
656 923 947 969 Thermometri
966 942 1001 970 m
1019 941 1062 981 n,
1083 930 1169 982 quia
1202 929 1387 968 continno
1420 939 1442 966 ιι

152 990 340 1044 particulis
372 989 484 1043 igneis
517 988 707 1042 superfluis
743 1019 753 1034 ‚
813 993 941 1045 quibus
981 992 1180 1032 retinendis
1224 1005 1318 1046 aqua
1363 1003 1443 1031 non

151 1064 274 1105 capax
306 1053 424 1104 effer,
458 1051 671 1092 afficeretur
707 1087 716 1104 ,
749 1053 971 1094 adscendere
1002 1056 1135 1094 debere
1169 1056 1216 1094 ad
1248 1057 1443 1095 maiorem

151 1115 273 1156 adhuc
309 1118 465 1169 gradum
488 1148 498 1166 ,
542 1128 656 1169 quim
694 1127 794 1155 212.
833 1118 859 1158 fi
894 1118 989 1157 ratio
1019 1117 1207 1170 praedicta
1241 1119 1439 1158 obtineret.

152 1179 206 1220 Vt
241 1189 368 1220 tamen
405 1181 680 1234 experimento
714 1193 813 1221 nouo
843 1181 1032 1221 rationem
1072 1181 1330 1234 phaenomeni
1372 1193 1442 1222 ex·

150 1244 368 1297 plorarem,
403 1257 449 1283 an
484 1243 603 1282 valida
639 1241 731 1283 esset
755 1276 766 1296 ,
799 1244 885 1284 loco
927 1244 1215 1297 aquae,oleum
1251 1245 1440 1286 oliuarum

147 1305 301 1347 adhibui
336 1316 374 1345 et
408 1306 557 1346 canitati
595 1306 836 1348 metallorum
871 1306 988 1347 infudi
1023 1340 1034 1358 ,
1074 1308 1175 1360 quod
1210 1309 1365 1360 perinde
1398 1321 1442 1351 ac

147 1368 349 1423 meremius
388 1371 513 1409 multo
557 1370 713 1409 maioris
752 1369 882 1411 calorIS
913 1383 1036 1424 capax
1067 1370 1141 1422 est,
1175 1383 1218 1410 ac
1251 1384 1342 1425 aqua
1362 1406 1372 1423 ,
1404 1383 1441 1413 et

146 1430 445 1486 phiienomenon
487 1432 590 1473 idem
624 1432 811 1475 obseruaui
849 1468 860 1486 ,
901 1435 1084 1475 nimirum
1118 1434 1275 1475 durante
1309 1435 1440 1476 ebulli-

147 1496 252 1535 tione
292 1497 476 1537 adscendit
525 1498 730 1539 mercurius
760 1500 797 1539 in
831 1498 1140 1540 Thermometro
1174 1499 1222 1539 ab
1258 1509 1342 1548 205
1380 1512 1436 1553 gr.

147 1559 195 1598 ad
218 1562 315 1608 206,
335 1571 373 1600 et
393 1560 506 1600 rursus
515 1561 751 1603 descenditad
770 1564 934 1604 eundem
954 1563 1124 1617 gradum,
1143 1572 1181 1602 et
1198 1561 1263 1604 hic
1283 1563 1435 1604 adscen-

146 1621 202 1664 sus
221 1633 257 1664 et
276 1623 456 1665 descensus
475 1636 545 1665 una
573 1635 698 1679 quarta
716 1638 823 1682 parte
848 1628 964 1671 horae
983 1627 1124 1683 saepius
1142 1625 1351 1670 obseruatus
1369 1627 1433 1669 est.

286 1754 317 1802 §-
358 1764 397 1802 5.
433 1753 559 1796 Posset
592 1757 707 1798 etiam
741 1758 935 1813 disparitas
965 1757 1114 1799 attribui
1144 1756 1320 1798 lamellae
1369 1768 1435 1797 au-

144 1815 348 1857 richalceae
382 1831 433 1858 cx
466 1832 557 1874 aqua
591 1823 857 1876 prominenti,
888 1833 986 1877 quae
1016 1835 1106 1863 cum
1139 1820 1299 1862 metallo
1334 1834 1433 1862 con-

146 1892 243 1920 nexa
280 1881 465 1922 maiorem
486 1885 652 1927 efficeret
669 1887 815 1929 metalli
850 1886 1111 1941 superficiem,
1143 1895 1182 1926 et
1212 1886 1262 1926 ita
1304 1885 1430 1927 decre-

147 1954 322 1985 mentum
358 1946 489 1987 caloris
517 1951 789 2004 progigneret,
822 1953 924 2006 quod
955 1965 974 1993 a
1008 1951 1138 1991 calore
1185 1961 1302 2003 aquae
1353 1961 1431 1991 nou

142 2008 310 2048 resarciri
342 2009 475 2062 posset.
513 2012 564 2053 Vt
593 2015 837 2067 explorarem
861 2049 872 2068 ,
902 2029 950 2057 an
985 2015 1079 2056 haec
1098 2015 1193 2055 ratio
1225 2013 1614 2068 obtineret,Tn.V11.

146 2084 302 2125 paruum
337 2073 684 2119 Thermometrum
721 2079 802 2120 fieri
851 2081 1004 2132 curaui,
1056 2079 1096 2119 in
1129 2091 1206 2133 quo
1252 2079 1433 2119 terminus
1454 2090 1525 2141 Fig.
1545 2106 1580 2130 ι.

146 2135 278 2179 caloris
308 2150 426 2192 aquae
458 2139 670 2184 ebullientis
699 2152 849 2185 notatus
876 2154 957 2188 erat
991 2153 1031 2186 et
1060 2141 1153 2186 infra
1198 2142 1302 2185 hunc
1353 2153 1429 2183 ter-

716 2205 754 2247 H
786 2206 816 2248 h
851 2216 874 2255 a
1275 2206 1430 2249 minum
