2013 2703
742 67 939 134 )(³3)(

179 208 347 251 tionibus
380 206 539 260 scopum
581 205 685 245 suum
739 204 922 257 attingere
972 199 1152 242 laborauit
1191 230 1202 250 ‚
1256 211 1300 242 ac
1349 198 1498 245 inuenit

176 274 329 328 quidem
352 305 363 324 ‚
398 272 434 311 in
467 282 516 310 eo
536 303 546 321 ‚
581 269 682 324 quod
717 268 948 309 dilatationis
981 267 1219 306 incrementa
1264 266 1301 306 in
1354 267 1492 308 maiori

174 338 327 377 ratione
358 335 558 385 crescant,
592 345 707 386 quam
743 333 977 372 incrementa
1007 331 1168 381 caloris,
1205 341 1280 370 non
1315 330 1492 371 abludere

175 401 330 454 penitus
360 397 639 452 experientiam
673 408 695 436 a
728 395 900 436 Theoria
922 426 933 444 ,
967 393 1018 434 ast
1052 395 1098 434 ad
1117 394 1242 447 legem
1265 394 1490 446 eruendam,

172 463 269 505 haec
300 463 570 517 experimenta
620 459 791 500 nondum
843 455 1026 497 sufficere.
1113 457 1316 497 Pollicetur
1364 459 1495 513 itaquo

171 526 237 568 sub
271 527 388 567 finem
411 555 423 575 ‚
460 524 494 564 le
527 524 781 564 laboraturum
802 553 813 572 ,
846 529 890 560 vt
919 519 1030 559 nouis
1060 522 1338 572 experimentis
1355 522 1491 575 quibus

171 590 474 630 Tliermometra
506 585 703 638 amplioris
737 584 850 624 scalae
893 582 1067 622 adhibere
1102 582 1257 623 volebat
1293 614 1305 633 ,
1356 585 1489 637 legem

170 652 268 693 hanc
289 651 442 690 tandem
477 658 610 689 eruat:
645 647 703 688 sed
738 646 868 688 infelix
903 656 1018 700 atque
1037 646 1242 699 improuisa
1269 659 1374 688 mors
1393 646 1488 690 Coi-

167 715 274 766 legae
313 711 608 755 desideratiffimi
637 711 718 754 aliis
751 711 853 754 hunc
872 743 885 765 ‚
906 711 946 752 in
972 722 1050 765 quo
1068 709 1267 764 laborent,
1300 723 1489 769 campum

162 776 327 833 reliquit.

782 915 859 960 VI.

162 1012 258 1080 De
303 1017 493 1078 Indice
537 1017 936 1083 Ele&ricitatis
979 1030 1044 1079 et
1085 1019 1205 1080 eius
1278 1017 1376 1079 vsu
1417 1021 1479 1080 in

162 1101 500 1163 definiendis
556 1102 853 1161 artificialis
893 1115 957 1163 et
1022 1106 1282 1165 naturalis
1347 1108 1475 1171 Ele-

324 1184 620 1244 &ricitatis
650 1186 1068 1246 Phaenomenis
1097 1209 1156 1269 p.
1193 1210 1311 1262 301.

150 1333 529 1450 Differtationem
561 1346 658 1389 hanc
693 1347 856 1389 sermoni
890 1346 1128 1390 Academico
1159 1348 1224 1390 die
1267 1347 1340 1389 VI.
1377 1344 1473 1405 Sep.

286 1412 442 1453 tembris
480 1423 593 1463 1753
629 1414 667 1453 in
699 1412 864 1452 solemni
899 1413 1138 1453 Academiae
1172 1422 1360 1454 conuentu
1402 1413 1473 1455 ha-

149 1471 275 1515 bendo
305 1475 551 1517 destinauerat
584 1474 670 1517 Cel.
709 1476 886 1517 Audior:
923 1486 960 1517 at
998 1476 1075 1517 fiito
1118 1487 1358 1530 praeuentus,
1392 1489 1470 1519 non

149 1533 296 1579 habuit.
361 1540 490 1595 Quare
521 1553 611 1581 cum
635 1573 645 1592 ,
679 1541 782 1594 quod
816 1541 905 1580 alias
941 1539 1025 1581 fieri
1061 1541 1183 1591 solet,
1236 1540 1466 1595 singulariter

148 1602 252 1653 typis
284 1603 419 1644 excusa
468 1617 546 1645 non
581 1604 654 1656 sit,
692 1603 754 1644 hic
788 1605 822 1644 ei
855 1604 984 1645 locum
1021 1604 1313 1657 affignauimus,
1353 1605 1464 1646 dem-

146 1662 225 1716 tis,
260 1679 354 1720 quae
384 1666 644 1709 characterem
679 1669 861 1708 sermonis
909 1668 1183 1709 constituebant
1221 1700 1234 1720 ‚
1285 1677 1325 1708 et
1376 1668 1466 1710 huic

146 1724 234 1768 loco
266 1731 388 1770 minus
439 1743 526 1785 apta
561 1731 799 1773 videbantur.
846 1732 934 1773 Hoc
967 1732 1192 1786 opusculum
1228 1732 1462 1773 coronidem

148 1792 499 1842 perscrutationibus
532 1796 700 1847 Physicis
733 1794 1058 1838 Richrnanninnis
1092 1797 1274 1848 imponit.
1351 1795 1459 1837 Haec

150 1862 250 1895 meta
285 1857 388 1898 stadii
425 1860 471 1900 ab
506 1860 587 1914 ipso
618 1859 766 1900 decursi.
803 1859 879 1899 Hic
913 1859 1121 1912 exequialis
1154 1869 1315 1910 cantus,
1344 1871 1420 1913 quo
1441 1890 1456 1912 ‚

146 1915 299 1957 olorum
333 1921 469 1974 instar,
531 1934 699 1963 mortem
752 1922 815 1962 fibi
867 1922 936 1975 ipsi
988 1921 1195 1976 praesagire
1247 1923 1342 1963 visus
1389 1923 1457 1964 est.

145 1977 416 2024 Fortitudinem
433 1988 615 2040 quandam
636 2020 646 2040 ,
676 1987 776 2026 dixit
794 2019 805 2038 ‚
824 1981 892 2037 (ἡ
910 1992 946 2027 et
964 1989 1002 2027 in
1020 1998 1062 2028 re
1076 1987 1238 2043 ancipiti
1257 1987 1457 2028 audaciam

142 2107 1454 2130 b———-——-*—,--

224 2137 297 2177 (t)
319 2148 346 2178 p.
372 2149 426 2180 335
451 2141 529 2171 huius
551 2143 748 2177 dissertationi&
