2013 2703
351 183 894 230 PARALLAXIN
949 183 1221 232 LVNAE
1349 203 1438 240 455

305 305 520 346 Fatendum
555 304 706 359 quidem
742 303 824 355 est,
859 314 901 345 vt
932 306 1118 358 quantitas
1154 306 1352 361 parallaxis
1380 307 1450 348 hac

159 370 356 413 methodo
397 369 557 410 eruenda
589 370 726 409 certior
757 368 888 409 euadat
909 399 919 413 .
955 371 1136 411 Vtendum
1173 374 1244 412 effe
1263 371 1446 414 obserua-

156 437 321 478 tionibus
355 436 394 473 in
426 435 517 474 locis
549 433 772 473 terrestribus
801 432 917 486 longe
951 433 1076 474 dissitis
1110 436 1296 476 institutis.
1341 434 1444 476 Cum

156 512 251 541 vero
284 498 416 538 nostris
450 497 684 550 temporibus
716 496 888 537 Sideralis
919 497 1093 537 scientiae
1136 501 1295 553 dignitas
1336 511 1447 554 atque

156 564 240 604 vsus
274 561 444 603 florescat
479 561 650 616 quotidie
685 561 836 613 magis,
874 561 993 601 nullus
1017 563 1181 615 dubito,
1215 565 1303 618 quin
1323 565 1447 604 obser-

155 629 326 668 uationes
358 627 403 666 ad
439 625 559 666 hocce
593 624 833 678 propositum
867 635 973 678 aptas
1004 625 1167 668 siderum
1229 628 1448 669 scrutatores

155 692 280 746 largiri
316 689 467 745 possint.
533 690 635 746 Quin
669 690 786 729 etiam
820 689 860 729 in
892 688 1094 730 vastissimo
1129 691 1281 733 Russico
1315 692 1444 746 Impe-

158 757 216 796 rio
249 755 437 796 constituti
470 754 546 793 duo
577 752 828 793 obseruatores
860 752 1194 806 correspondentes
1229 758 1333 798 viani
1378 757 1443 798 fibi

155 821 200 860 ad
236 818 437 872 parallaxin
473 817 604 857 Lunae
637 817 707 858 hac
744 817 934 858 methodo
965 818 1297 861 determinandam
1339 831 1443 874 pate-

154 883 276 923 facere
307 882 446 922 valent.
513 881 635 921 Oram
668 881 770 922 enim
804 882 833 922 fi
864 884 1147 935 comparaueris
1180 893 1298 924 terrae
1324 884 1444 924 Cam-

152 945 344 986 tschatkae
377 944 661 985 orientaliorem
695 959 784 986 cum
821 946 1066 987 obseruatorii
1100 946 1315 1001 Imperialis
1341 948 1409 989 situ
1434 980 1444 1000 ‚

155 1010 324 1050 inuenies
360 1007 663 1050 Meridianoium
697 1009 947 1048 differentiam
988 1022 1039 1048 12
1050 1021 1070 1058 5
1109 1013 1244 1063 gradus
1269 1011 1446 1065 superan-

155 1082 238 1113 tem
278 1106 289 1125 ,
337 1073 503 1125 adeoque
543 1076 588 1112 ad
632 1072 789 1124 scopum
834 1070 1030 1111 sufficienti
1062 1086 1150 1113 cum
1187 1075 1442 1116 exae'titudiue

154 1137 421 1190 attingendum
454 1135 534 1175 satis
568 1136 763 1175 idoneam.
829 1135 1048 1189 Requiritur
1091 1147 1238 1177 tantum
1284 1140 1444 1193 diligens

153 1201 371 1241 obseruator
405 1199 612 1253 horologio
640 1197 864 1239 oscillatorio
906 1200 1178 1241 Astronomico
1212 1234 1223 1253 ,
1276 1205 1368 1243 tubo
1401 1213 1440 1243 et

152 1265 355 1318 quadrante
387 1265 550 1304 munitus
578 1293 590 1312 ‚
639 1262 676 1302 in
709 1272 805 1303 terra
840 1261 1104 1304 Camtschatka
1139 1265 1372 1307 obseruandis
1390 1268 1437 1309 si-

152 1329 284 1368 derum
317 1328 512 1381 eclipsibus
545 1326 752 1379 inuigilans.
819 1326 866 1367 Id
896 1329 997 1382 quod
1029 1340 1079 1367 eo
1112 1328 1252 1370 facilius
1283 1330 1436 1371 felicius-

150 1403 224 1444 que
256 1390 356 1432 effici
388 1391 541 1445 potest,
575 1392 674 1443 quod
710 1391 895 1432 eiusmodi
939 1392 1166 1432 obseruatori
1211 1395 1438 1435 instrumen-

151 1462 279 1495 torum
313 1454 539 1507 supellectile
571 1452 652 1493 satis
685 1456 874 1506 modica,
909 1466 948 1497 et
982 1455 1253 1510 Geogi·apliiae
1287 1459 1440 1502 Ruthe-

149 1518 227 1558 uici
273 1517 433 1569 Imperii
475 1516 726 1570 perficiendae
776 1518 885 1561 fimul
919 1521 1171 1572 inseruiente,
1226 1535 1322 1576 opus
1370 1524 1436 1565 est.

301 1579 537 1621 Methodum
574 1582 699 1634 itaque
742 1584 981 1637 propositam
1025 1586 1266 1638 explicaturo
1310 1587 1435 1628 statim

150 1645 228 1686 duo
258 1643 389 1685 diuersi
424 1654 627 1685 occurrunt
660 1648 876 1702 processus3
912 1649 1005 1688 alter
1041 1648 1105 1688 ioli
1134 1649 1330 1690 obseruato
1369 1652 1432 1693 vel

150 1708 404 1750 immersionis
436 1708 501 1748 vel
533 1709 752 1751 emerfionis
786 1722 993 1752 momento
1028 1712 1148 1753 stellae
1166 1713 1316 1755 alicuius
1334 1715 1434 1756 fixae

148 1774 352 1825 innititur3
406 1772 497 1812 alter
531 1785 625 1814 vero
658 1775 778 1828 magis
810 1775 997 1817 intricatus
1030 1778 1284 1818 immersionis
1317 1791 1434 1833 aeque

147 1849 189 1877 ac
234 1836 454 1877 emersionis
482 1848 682 1879 momenta
715 1839 890 1892 postulat.
957 1840 1021 1881 De
1049 1841 1165 1894 priori
1198 1842 1315 1894 igitur
1341 1856 1430 1896 pro-

149 1901 246 1941 cessu
278 1899 511 1954 exponendo
545 1901 713 1953 primum
747 1915 894 1956 agam,
932 1906 1092 1945 alterurn
1130 1906 1314 1960 exemplo
1347 1908 1429 1948 illuae

148 1965 338 2006 strandum
375 1966 410 2003 in
445 1964 556 2004 aliam
585 1967 823 2008 occasionem
857 1969 1081 2022 relinquens.
1149 1968 1303 2010 Intento
1338 1983 1431 2011 vero

148 2029 280 2069 animo
312 2029 484 2081 priorem
519 2028 691 2082 indagans
722 2032 934 2084 processum
971 2064 982 2084 ,
1033 2032 1218 2086 sequentia
1260 2035 1306 2076 ad
1339 2048 1432 2090 pro-

148 2092 275 2134 blema
307 2092 430 2134 hocce
464 2092 738 2136 exsoluendam
768 2097 907 2152 requiri
940 2097 1026 2139 data
1058 2098 1224 2153 reperio.
