2013 2703
534 178 596 215 ‘28
872 168 986 213 DE
1048 167 1490 212 NVMERIS

533 310 617 342 tum
651 300 768 341 vnico
800 298 921 339 modo
960 308 1137 337 numerus
1176 310 1206 346 4
1225 307 1247 335 n
1267 301 1314 340 -i-
1340 307 1358 332 1
1395 295 1438 336 sit
1477 297 1622 338 summa
1662 296 1822 338 duorum

533 364 825 418 quadratorum,
859 369 962 401 certe
1000 371 1078 401 non
1113 360 1187 399 erit
1227 358 1458 412 compositus
1478 391 1489 412 ,
1525 373 1566 402 ac
1605 373 1672 415 per
1697 361 1824 401 conse-

534 440 651 482 quens
680 428 753 469 erit
785 425 946 482 primus.
990 423 1043 480 Q.
1078 421 1128 464 E.
1163 422 1221 465 D.

935 548 1445 594 COROLL.1.,

647 651 684 700 6.
722 652 800 699 36.
833 646 872 690 Si
905 646 1023 701 igitur
1055 646 1253 701 proposito
1293 648 1477 700 quopiam
1497 659 1660 689 numero
1679 646 1824 689 formae

530 722 677 769 ιρι-ιη
719 713 801 768 post
830 712 1038 753 institutum
1071 722 1239 751 examen
1269 712 1531 763 comperiatur
1551 744 1561 762 ,
1592 723 1680 753 eum
1715 714 1828 753 vnico

534 783 660 822 modo
692 778 729 818 in
762 779 841 818 duo
859 774 1033 830 quadrata
1064 776 1160 814 inter
1190 773 1226 814 se
1250 773 1378 826 prima
1409 773 1537 815 resolui
1572 773 1677 828 posse
1697 809 1707 826 ,
1742 776 1829 816 inde

532 854 617 884 tuto
634 842 859 894 colligemus
877 871 888 891 ,
913 851 1000 880 eum
1021 850 1223 879 numerum
1250 833 1327 876 effe
1359 838 1553 891 primum3
1590 838 1736 878 etiamsi
1754 840 1831 878 eius

531 905 828 947 diuisibilitatem
871 914 942 955 per
983 913 1163 943 numeros
1202 901 1346 954 primos
1385 913 1495 941 more
1533 901 1713 942 consueto
1750 914 1829 941 non

532 969 815 1011 tentauerimus.
847 964 911 1008 Sic
930 977 1017 1007 cum
1037 977 1213 1006 numerus
1241 974 1294 1011 73
1323 965 1435 1005 vnico
1461 966 1582 1005 modo
1603 965 1643 1005 sit
1684 964 1831 1005 summa

531 1032 696 1074 duorum
716 1031 986 1085 quadratorum
1006 1061 1016 1081 ,
1037 1041 1177 1084 nempe
1194 1033 1334 1079 64÷
1346 1041 1374 1077 9
1397 1060 1408 1079 ,
1426 1040 1515 1068 eum
1535 1027 1606 1068 effe
1634 1029 1803 1083 primum
1819 1059 1831 1079 ,

525 1106 636 1140 terto
668 1095 859 1137 nouimus.

937 1215 1418 1262 COROLL.2.

646 1319 686 1367 §-
735 1325 809 1367 37.
846 1309 891 1355 Si
931 1324 1025 1366 ergo
1082 1310 1285 1352 methodus
1343 1310 1523 1364 expedita
1582 1311 1784 1353 haberetur
1821 1344 1835 1365 ,

532 1382 642 1424 cuius
673 1390 750 1434 ope
779 1378 887 1418 facile
917 1377 1104 1430 inquirere
1135 1375 1259 1415 liceret
1280 1406 1290 1424 ,
1326 1386 1373 1414 an
1415 1382 1453 1414 et
1471 1385 1563 1427 quot
1583 1377 1708 1416 modis
1743 1390 1833 1430 pro-

539 1445 678 1501 positus
713 1453 900 1483 numerus
943 1442 983 1481 in
1031 1439 1153 1480 forma
1193 1450 1262 1489 4n
1289 1446 1349 1483 -÷-
1375 1450 1392 1475 1
1435 1448 1637 1479 contentus
1680 1441 1715 1478 in
1757 1441 1832 1480 duo

539 1509 719 1565 quadrata
768 1503 897 1546 resolui
977 1502 1091 1559 poffit
1124 1501 1265 1542 exinde
1315 1512 1468 1555 promte
1501 1502 1660 1542 iudicare
1695 1504 1834 1555 poteri-

540 1585 662 1623 mus,
700 1578 830 1610 vtrum
868 1568 912 1610 sit
956 1569 1137 1622 primu53
1171 1565 1319 1606 sienim
1366 1566 1479 1604 vuico
1519 1566 1640 1605 modo
1689 1566 1727 1605 in
1759 1567 1836 1606 duo

531 1637 713 1690 *quadrata
746 1633 790 1674 fit
823 1632 1057 1682 resolubilis,
1092 1641 1208 1683 eaque
1237 1629 1406 1682 quadrata
1440 1629 1575 1668 fuerint
1615 1630 1741 1684 prima
1780 1630 1834 1670 in-

532 1708 595 1741 ·ter
627 1699 685 1752 se,
714 1696 752 1737 ‘is
783 1706 887 1737 certe
905 1707 978 1751 pro
998 1696 1128 1749 primo
1161 1693 1232 1733 erit
1262 1691 1460 1732 habendus.

931 1816 1333 1865 COROLL.
1400 1826 1442 1863 3.

656 1922 691 1969 §-
733 1927 805 1967 38.
874 1917 1117 1961 Manifestum
1153 1926 1279 1956 autem
1309 1914 1360 1954 est
1381 1946 1391 1964 ,
1424 1913 1448 1953 sl
1468 1915 1542 1954 duo
1561 1916 1735 1969 quadmta
1756 1948 1766 1966 ‚
1797 1917 1836 1955 in

533 1995 631 2038 *quae
664 1995 845 2023 numerus
876 1983 1053 2036 quilpiam
1087 1979 1279 2019 resoluitur
1299 2012 1308 2028 ,
1359 1989 1437 2016 nou
1469 1978 1534 2018 siut
1569 1980 1689 2033 prima
1739 1983 1836 2020 inter

537 2049 597 2097 se,
628 2058 715 2086 eum
750 2059 953 2087 numerum
974 2058 1053 2085 non
1085 2040 1161 2082 eise
1194 2042 1375 2094 primum.
1441 2040 1482 2081 Si
1517 2044 1617 2083 enim
1661 2054 1835 2083 numerus

539 2109 755 2166 propositus
775 2111 984 2150 inueniatur
1008 2108 1082 2148 effe
1100 2119 1155 2146 z
1173 2118 1227 2145 nn
1247 2118 1272 2145 a
1293 2119 1318 2145 a
1339 2112 1404 2151 4-
1423 2117 1445 2144 η
1466 2118 1488 2144 n
1505 2106 1528 2145 b
1546 2106 1569 2145 b
1585 2138 1595 2155 ,
1627 2116 1708 2144 tum
1737 2106 1835 2144 diui—

535 2174 634 2217 ores
666 2171 819 2215 habebit
855 2184 880 2211 n
912 2181 953 2213 et
989 2184 1084 2213 nn:
1117 2170 1218 2226 quod
1243 2170 1345 2211 idem
1380 2168 1434 2209 est
1455 2167 1734 2222 intelligendum
1755 2201 1766 2218 ‚
1809 2168 1836 2208 sn

1662 2243 1838 2273 numerus
