2013 2703
564 178 649 219 852
883 150 1556 206 DEMONSTRAT10

556 297 630 339 Pro
663 307 821 337 numero
853 292 1042 341 acierum,
1079 300 1172 343 quae
1227 289 1314 341 post
1366 288 1613 334 resectionem
1663 296 1784 346 anguli
1816 297 1855 338 O

560 361 779 414 supererunt
801 391 812 408 ‚
849 356 1105 409 inuestigando
1126 386 1136 405 ‚
1172 366 1359 408 ponamus
1377 354 1503 404 primo
1524 368 1564 396 vt
1583 369 1669 398 autc
1691 391 1699 408 ,
1719 371 1854 400 omues

558 425 694 465 hedras
726 426 763 462 iu
797 423 835 464 O
867 422 1134 462 conuenientes
1169 420 1240 460 effe
1273 418 1486 471 tri21ngula3
1522 432 1564 460 ac
1599 424 1724 474 primo
1777 429 1853 479 qui-

560 488 649 528 dem
683 498 734 527 ex
775 489 943 529 acierum
987 496 1147 526 numero
1192 484 1368 525 recedent
1421 485 1517 524 acies
1568 485 1695 538 OA,
1737 486 1856 538 OB,

563 550 602 591 Ο
624 550 687 603 C,
722 550 821 592 OD
842 585 852 604 ‚
887 559 959 590 etc.
1011 563 1168 603 quarum
1221 560 1399 589 uumerus
1447 550 1501 590 est
1552 563 1678 604 zu,
1730 561 1859 592 earum

565 627 662 656 vero
694 617 782 658 loco
817 618 863 656 de
902 626 1007 655 nouo
1041 615 1219 655 accedent
1251 615 1345 655 acies
1395 613 1432 653 A
1454 611 1488 654 C
1510 646 1519 664 ‚
1570 612 1605 654 C
1627 615 1658 655 F
1681 648 1690 666 ‚
1742 613 1771 653 F
1793 615 1833 656 D
1853 653 1862 670 ,

566 694 726 735 quarum
759 691 934 720 numerus
968 677 1019 718 est
1054 692 1107 719 :-
1128 692 1210 720 n—
1233 692 1255 727 3
1282 709 1292 727 ,
1328 677 1448 730 sicque
1483 679 1644 718 acierum
1691 691 1863 722 numerus

568 745 638 785 erit
672 745 874 785 :A—rt
902 746 1000 789 —†-(
1029 754 1142 791 n—3
1170 741 1457 794 >zA—-3,
1497 741 1523 780 si
1552 743 1704 794 quidem
1743 755 1865 784 nouae

568 809 706 849 hedrae
739 808 777 848 A
799 808 832 848 B
853 807 888 850 C
910 839 921 857 ,
954 806 993 846 A
1014 803 1047 844 C
1068 806 1096 846 F
1118 838 1127 857 ‚
1163 817 1236 847 etc.
1270 804 1410 845 fuerint
1442 805 1605 844 inuicem
1639 806 1834 846 inclinatae
1855 825 1860 848 ς

569 872 627 914 At
659 873 686 913 fi
718 872 812 911 duae
848 882 978 910 earum
1017 873 1053 911 A
1074 868 1109 909 B
1129 867 1163 909 C
1183 902 1193 921 ,
1229 879 1268 908 et
1310 869 1348 907 A
1369 866 1402 907 C
1424 868 1454 907 F
1488 869 1525 906 in
1559 870 1699 907 eodem
1753 870 1865 922 plano

570 935 640 978 sint
672 935 788 986 sitae,
821 943 862 973 vt
899 933 1051 974 vnicam
1088 933 1245 973 hedram
1278 931 1503 971 constituere
1533 929 1762 983 censeantur,
1786 945 1865 973 eua-

570 998 693 1040 nescet
726 999 824 1038 acies
856 997 894 1037 A
914 995 948 1037 C
969 1030 978 1047 ,
1011 999 1153 1049 eritque
1183 996 1347 1036 acierum
1391 1007 1568 1033 numerus
1609 997 1646 1033 A
1669 1017 1693 1022 —
1717 1007 1738 1042 3
1764 1019 1787 1024 -
1812 1009 1829 1033 1
1858 1014 1865 1037 :

571 1076 614 1104 ac
649 1064 675 1103 si
709 1060 925 1102 huiusmodi
959 1060 1118 1098 duarum
1153 1058 1356 1098 hedrarum
1391 1059 1428 1094 in
1459 1057 1564 1095 idem
1599 1052 1751 1109 planum
1783 1059 1872 1098 iuci-

571 1126 696 1165 dentia
733 1137 767 1177 μ.
804 1122 944 1161 vicibus
978 1130 1177 1173 occurrat,
1211 1129 1256 1160 vt
1289 1129 1378 1160 ante
1421 1120 1611 1174 posuimus
1648 1153 1656 1169 ,
1693 1134 1870 1162 uumerus

571 1188 736 1229 acierum
773 1185 844 1226 erit
877 1197 931 1224 z:
952 1185 990 1225 A
1011 1210 1037 1216 -
1057 1196 1078 1232 3
1103 1208 1129 1215 -
1149 1198 1198 1239 μ..
1263 1181 1420 1224 Deinde
1453 1183 1479 1224 fi
1511 1184 1707 1237 quaepiam
1737 1185 1872 1225 hedm-

573 1264 659 1293 rum
694 1250 874 1303 angulum
910 1247 950 1287 O
983 1248 1228 1287 formantium
1265 1259 1344 1289 non
1363 1249 1405 1288 fit
1439 1247 1660 1300 trigonalis,
1697 1249 1872 1289 videlicet

574 1315 690 1356 hedra
724 1311 969 1366 AOFQP,
1003 1321 1087 1350 tum
1131 1309 1343 1350 abscissione
1388 1312 1558 1363 trianguli
1604 1311 1729 1352 AOF
1773 1326 1871 1353 noua

575 1379 671 1418 acies
704 1375 827 1415 existit
862 1373 968 1424 AF,
1009 1386 1101 1427 quae
1141 1383 1227 1413 ante
1262 1385 1340 1412 uon
1381 1378 1537 1421 aderat,
1572 1375 1672 1413 vnde
1704 1388 1874 1414 uumerus

576 1441 743 1481 acierum
778 1438 853 1479 hoc
886 1438 966 1477 casu
1001 1439 1146 1477 vnitate
1179 1436 1381 1489 augebitur.
1420 1437 1480 1476 Ac
1523 1435 1548 1474 si
1569 1468 1578 1485 ,
1615 1446 1655 1474 vt
1690 1447 1775 1475 ante
1804 1450 1874 1488 po—

578 1505 744 1554 suimus,
792 1503 890 1542 inter
936 1501 1065 1541 hedras
1101 1503 1135 1540 in
1156 1501 1191 1539 O
1230 1509 1402 1538 coeuntes
1435 1513 1453 1538 ν
1487 1498 1625 1537 hedme
1661 1512 1735 1537 unu
1763 1503 1874 1538 trian-

579 1568 724 1622 gulares
755 1566 1019 1619 reperiuntur,
1052 1577 1232 1604 uumerus
1263 1563 1422 1601 acierum
1457 1563 1492 1601 iu
1527 1573 1687 1613 corpore
1732 1575 1876 1614 propo-

581 1631 704 1685 pofito
750 1629 832 1682 post
857 1629 1096 1668 rescstioncm
1138 1627 1260 1679 auguli
1281 1626 1319 1666 O
1363 1626 1434 1666 crit
1469 1639 1519 1666 z:
1544 1627 1581 1666 A
1603 1647 1626 1654 -
1652 1635 1673 1671 3
1699 1649 1722 1653 -
1744 1633 1877 1679 puel-r,

584 1708 674 1736 cum
710 1704 798 1735 ante
833 1692 956 1733 fuiffet
991 1705 1044 1731 z
1066 1693 1117 1732 A.
1183 1691 1236 1748 Q.
1272 1690 1319 1730 E.
1354 1689 1386 1730 1.

981 1795 1375 1839 COROLL.
1451 1809 1488 1836 1.

713 1884 782 1911 10.
818 1872 936 1928 Quod
971 1874 995 1913 si
1029 1883 1121 1922 ergo
1155 1870 1310 1910 solidum
1362 1868 1486 1909 hedris
1540 1871 1655 1923 planis
1704 1869 1876 1910 inclusum

590 1946 672 1975 vno
705 1937 841 1987 angulo
876 1936 996 1975 solido
1035 1933 1254 1983 mutiletur,
1306 1942 1349 1972 vt
1399 1934 1622 1985 :iugulorum
1677 1933 1876 1974 iulium-um

593 2011 768 2037 numerus
803 2012 902 2039 nunc
935 2000 976 2038 sit
1010 2011 1062 2037 z
1083 1995 1108 2036 S
1129 2020 1153 2026 -
1178 2010 1194 2034 1
1225 2029 1234 2047 ,
1269 2009 1354 2036 cum
1392 2006 1479 2036 aute
1515 1997 1599 2037 ess‘ct
1634 1995 1755 2046 35,
1778 1997 1879 2037 sum-

594 2073 659 2100 ma
693 2062 867 2101 omnium
901 2063 1128 2115 angulorum
1165 2061 1360 2112 planorum
1389 2061 1606 2100 diminuitur
1639 2071 1799 2112 quatuor
1817 2072 1882 2099 zm·

593 2122 684 2177 gulis
716 2124 822 2164 rectis
842 2156 852 2173 ,
884 2125 942 2165 seu
975 2137 1062 2164 cum
1082 2134 1166 2163 autc
1199 2123 1317 2164 fuisset
1335 2137 1391 2166 :-
1409 2125 1445 2167 R
1465 2125 1606 2178 angulis
1623 2124 1731 2164 rcc'tis
1749 2152 1758 2170 ‚
1784 2135 1880 2163 nunc

596 2188 666 2228 erit
702 2201 756 2229 z
777 2189 814 2231 R
835 2209 874 2216 -
895 2203 925 2239 4
959 2188 1101 2243 angulis
1131 2187 1251 2229 rcCtis.
1648 2184 1882 2229 COROLL.
