2013 2703
359 149 783 198 CORNVBVS
831 149 1267 194 ARIETINIS
1358 165 1441 203 391

168 272 361 314 maximus
379 275 408 313 is
425 271 478 312 est
498 305 508 322 ,
540 270 587 311 de
614 270 787 325 quoiam
806 270 886 311 dixi
908 298 917 313 ,
952 281 992 312 et
1027 271 1062 310 in
1082 283 1195 325 quem
1221 270 1453 326 oesophagus

167 338 345 376 inseritur.
415 335 700 377 Membranosus
731 335 783 375 est
814 345 851 375 et
882 335 1108 375 columnulis
1142 335 1315 389 plurimis
1368 349 1453 377 mu-

165 400 312 442 sculosis
347 401 492 441 sardius.
524 400 636 439 Hunc
669 400 849 452 proxime
883 399 1042 452 sequitur
1075 400 1167 439 alter
1189 429 1200 449 ‚
1230 400 1355 440 multo
1378 400 1454 440 mi-

169 476 269 512 nor,
308 464 372 516 qui
407 476 427 503 a
465 463 582 516 priori
618 463 842 502 membrana
876 463 1021 502 interna
1057 463 1094 501 in
1139 464 1257 503 altum
1311 463 1456 504 eleuata

165 527 415 580 distinguitur.
484 527 575 565 hius
604 524 811 576 superficies
843 525 1014 576 plurimis
1042 525 1187 565 cellulis
1238 528 1458 580 sexangula-

164 591 266 630 ribus
306 590 422 630 obfita
451 590 520 629 est.
558 589 707 627 Tertius
741 587 882 640 pariter
916 589 1073 638 minor,
1109 589 1253 629 interne
1288 591 1454 641 rubens,

165 653 274 706 plicis
325 654 499 707 plurimis
547 651 721 701 constat,
772 663 867 704 quae
910 651 1219 692 numerosissimis
1271 653 1457 706 p.ipilliilis

165 718 277 757 dense
319 718 471 770 stipatae
505 715 595 755 sunt.
632 716 798 770 Quartus
829 715 972 755 duobus
991 716 1068 755 iam
1100 717 1206 756 did'tis
1225 717 1456 770 aliquantum

166 781 385 834 angustior,
419 779 476 819 sed
509 779 694 832 longior,
728 781 874 818 interne
909 779 1021 819 laeuis
1050 790 1087 820 et
1106 779 1253 833 rugosus
1285 781 1349 821 est.
1391 780 1458 821 In·

167 845 301 883 testina
335 854 461 883 tenuia
499 854 550 892 55
591 843 706 896 pedes
726 876 735 894 ‚
767 844 880 882 craffa
914 845 1066 883 tertiam
1100 845 1268 884 tenuium
1305 855 1457 898 partem

166 905 292 960 longa.
329 905 472 946 Colum
508 907 590 960 plus
621 908 756 959 septies
804 907 1023 948 refleffitur.
1090 908 1157 948 Ad
1209 907 1455 948 insertionem

165 969 226 1009 ilei
263 971 299 1009 in
329 982 490 1010 coecum
542 970 691 1010 valuula
742 971 829 1022 est,
878 971 1047 1012 valuulne
1077 972 1154 1011 coli
1202 972 1243 1010 in
1294 972 1460 1012 homine

167 1033 341 1086 analoga.
396 1031 570 1074 Coccum
605 1046 699 1072 vero
722 1064 732 1080 ‚
765 1035 863 1073 vltra
897 1036 1036 1086 pedem
1070 1035 1226 1087 longum
1248 1068 1258 1087 ,
1293 1037 1329 1075 in
1366 1047 1460 1088 pro-

168 1097 309 1136 cessum
354 1098 432 1136 :ibit
475 1096 772 1136 vermiformem
811 1128 822 1147 ‚
875 1096 1125 1150 amplitudine
1157 1099 1313 1150 quoduis
1347 1109 1458 1139 tenue

169 1160 392 1201 intestinum
427 1160 664 1214 superantem
686 1191 696 1209 ‚
730 1172 807 1199 non
843 1160 939 1200 vltra
976 1173 1014 1199 ε.
1050 1162 1141 1215 poll.
1162 1162 1333 1214 longum.
1372 1162 1457 1203 He-

169 1237 238 1277 par
270 1226 412 1264 duobus
447 1225 630 1278 primariis
662 1222 757 1262 lobis
806 1224 1010 1264 maioribus
1060 1225 1202 1265 constat
1226 1258 1237 1277 ‚
1289 1239 1457 1279 quorum

169 1299 299 1327 tamen
318 1290 451 1327 dexter
471 1319 481 1337 ,
513 1289 573 1326 cui
595 1285 753 1326 vesicula
773 1284 876 1326 fellea
900 1320 909 1338 ‚
942 1297 1013 1327 tres
1032 1289 1192 1341 pollices
1210 1289 1316 1343 longa
1339 1322 1349 1339 ‚
1386 1304 1457 1344 cy-

165 1351 404 1401 lindroidea,
456 1349 539 1390 felle
576 1349 807 1390 viridescenti
848 1351 987 1405 repleta
1012 1383 1023 1401 ,
1070 1351 1277 1405 adhaeret,
1333 1357 1457 1397 maior

165 1414 218 1454 est
272 1415 421 1455 Praettr
453 1414 523 1454 hos
556 1413 645 1454 alius
679 1414 729 1454 est
749 1447 760 1464 ,
795 1415 1054 1468 triangularis,
1089 1416 1274 1470 oblongus
1294 1448 1304 1465 ‚
1343 1430 1457 1460 cauae

166 1490 362 1528 accretus‚
393 1488 432 1517 et
468 1478 611 1518 lobulus
646 1476 800 1531 Spigelii
833 1478 913 1519 satis
948 1480 1106 1532 insignis.
1142 1479 1258 1534 Splen
1300 1487 1322 1522 8
1361 1483 1455 1535 poll.

167 1540 298 1592 longis
317 1569 326 1586 ,
363 1542 400 1579 in
422 1541 554 1580 medio
575 1580 583 1590 ,
617 1541 682 1580 vbi
704 1541 897 1582 latiffimus
915 1543 965 1583 est
986 1576 996 1594 ,
1030 1558 1059 1594 4
1081 1545 1172 1598 poll.
1194 1545 1291 1584 latus
1313 1575 1324 1595 ‚
1359 1559 1455 1586 ven-

168 1603 305 1642 triculo
339 1603 440 1642 arcte
474 1604 665 1644 adhaeret.
702 1607 830 1647 Renes
861 1606 1036 1647 humanis
1074 1609 1210 1650 similes
1232 1639 1244 1658 ‚
1301 1619 1321 1655 3
1360 1611 1454 1662 poll.

169 1667 274 1718 longi
313 1699 323 1716 ,
375 1667 468 1707 duos
501 1668 575 1708 lati.
659 1669 836 1709 Vreteres
896 1672 1079 1713 vrachum
1134 1673 1457 1725 superscandentes

168 1730 374 1783 posteaque
409 1731 521 1771 rursus
554 1733 645 1772 infra
680 1746 767 1774 eum
804 1735 926 1785 flexi,
960 1737 1063 1775 reela
1088 1736 1164 1775 fere
1194 1737 1292 1776 linea
1313 1738 1358 1776 ad
1386 1750 1455 1778 ve-

169 1793 280 1834 sicam
318 1804 507 1846 pergunt,
558 1797 644 1837 inde
676 1809 772 1837 vero
807 1799 961 1853 oblique
995 1812 1072 1839 non
1109 1801 1236 1853 procul
1278 1813 1298 1840 a
1350 1801 1453 1842 collo

169 1856 314 1896 vesicae
347 1859 560 1898 inseruntur.
599 1861 725 1901 Renes
754 1862 1009 1903 succenturiati
1043 1865 1166 1904 ouales
1185 1862 1261 1903 fere
1282 1897 1292 1915 ‚
1328 1865 1456 1906 versus

171 1921 362 1960 internum
418 1920 508 1960 latus
540 1924 701 1964 auricula
742 1927 840 1977 quasi
865 1958 874 1976 ,
928 1928 1156 1980 triangularis
1187 1927 1358 1980 figurae,
1409 1931 1456 1971 ad

172 1996 306 2023 venam
343 1996 473 2023 cauam
509 1986 610 2025 arete
641 1988 886 2042 adhaerente,
921 1990 1062 2031 donati.
1098 1989 1312 2032 Cauimtem
1347 1994 1384 2032 in
1419 1997 1456 2033 fe

174 2047 343 2099 habent,
377 2059 471 2101 quae
505 2048 594 2090 flatu
626 2051 780 2093 distendi
812 2054 947 2108 potest.
993 2055 1104 2095 Penis
1124 2089 1134 2108 ‚
1168 2056 1332 2109 digitum
1371 2070 1453 2097 me-

171 2110 341 2154 diocrem
392 2111 521 2155 craffus
541 2145 553 2167 ,
603 2113 835 2160 anfiastuoso
886 2118 1099 2163 admodum
1147 2121 1284 2164 itinere
1334 2120 1455 2160 versus

156 2184 159 2185 ’
1310 2184 1451 2240 pubem
