2013 2703
149 183 812 235 PROPRIETAT-VM
848 176 1459 235 SOLLDOR'VMaq,

152 316 375 369 formetur,
401 318 646 369 totidemque
669 317 775 356 acies
826 314 864 354 in
898 326 948 354 eo
988 322 1246 365 concurrant,
1277 323 1371 354 tum
1404 311 1463 352 nd

155 394 246 424 eum
280 384 583 425 obtruncandum
616 384 710 423 duae
751 383 965 434 pyramides
1014 378 1254 432 triangulares
1298 376 1463 419 *relecari

155 448 308 489 debent.
381 449 467 490 Hoc
502 462 627 489 nutem
660 449 801 500 duplici
834 447 957 487 modo
991 444 1072 485 fieri
1128 446 1270 498 poterit
1297 455 1319 494 -3
1373 437 1554 490 nam-Fig·
1579 451 1622 484 3·

158 511 253 553 duae
288 516 502 565 pyramides
535 514 750 554 resecandae
770 507 1154 552 eruntvelOABC
1187 522 1225 549 et
1259 504 1464 554 OACD‚

159 577 225 618 vel
260 577 418 619 OABD
452 590 489 617 et
524 576 716 618 OBCD.
792 578 852 615 Ac
903 575 970 614 nisi
1024 574 1164 626 puncta
1216 575 1268 624 A,
1289 572 1337 624 B,
1358 568 1468 624 C,D

161 641 297 683 fuerint
330 643 366 681 in
403 643 541 682 eodem
570 643 691 696 ‚pl-,mo
711 672 724 693 ,
757 639 846 683 inde
870 638 1041 681 solidum
1054 636 1249 680 refiduum
1283 636 1468 679 ducrum

161 708 323 762 accipiet
357 705 535 759 figuram„

552 839 954 886 COROLL.
1024 855 1068 893 4.

297 950 348 991 ’5.
382 939 426 983 Si
457 942 613 996 angulus
638 941 779 982 solidus
809 954 830 981 a
864 940 1028 994 quinque
1063 938 1207 994 angulis
1249 936 1366 994 planis
1400 936 1474 979 fot-

154 1012 320 1054 metur,
373 1007 571 1061 rec‘taeque
623 1007 663 1045 in
688 1019 745 1047 -eo
795 1018 976 1047 coeuntes
1027 1006 1074 1047 ad
1109 1005 1276 1058 quinque
1296 1004 1389 1044 alios
1409 1015 1478 1043 un·

167 1069 273 1121 gulos
305 1067 441 1109 solidos
473 1073 736 1121 porrigantur,
772 1080 855 1108 tum
877 1069 1032 1120 angulus
1062 1070 1101 1109 O
1121 1069 1344 1109 reserabitur
1363 1069 1479 1108 tribus

163 1132 427 1184 pyramidibus
461 1132 748 1185 triangularibus
788 1131 1043 1171 abscindendis
1072 1164 1083 1180 ,
1121 1131 1272 1182 hocque
1312 1133 1478 1183 quinque

167 1194 320 1234 diuersis
358 1196 484 1236 modis
516 1195 598 1236 fieri
634 1204 778 1248 poterit
805 1228 815 1245 ,
858 1196 920 1246 qui
960 1194 1103 1234 diuersa
1147 1207 1299 1247 quoque
1338 1195 1481 1235 residua

167 1260 408 1312 relinquant,
443 1261 510 1301 nifi
540 1259 704 1313 quinque
723 1260 847 1310 anguli
867 1258 973 1298 lolidi
990 1260 1110 1299 vicini
1128 1259 1266 1300 fuerint
1284 1260 1323 1299 in
1341 1258 1482 1301 eodem

170 1322 286 1376 plano
318 1324 394 1364 siti.

562 1391 966 1436 COROLL.
1047 1404 1087 1443 ς.

323 1493 364 1529 6.
400 1486 500 1530 Cum
535 1490 649 1543 igitur
682 1490 745 1530 ista
776 1491 889 1531 vnius
922 1490 1049 1545 anguli
1088 1490 1195 1532 solidi
1237 1488 1397 1531 relectio
1439 1493 1480 1534 in

167 1552 340 1606 quolibet
374 1556 545 1605 corporis
579 1555 766 1608 proposui
803 1556 942 1609 angulo
978 1555 1104 1608 suscipi
1146 1565 1259 1609 queat
1297 1586 1307 1605 ,
1363 1568 1481 1610 eaque

171 1617 236 1656 nisi
272 1627 346 1656 tres
378 1626 522 1658 tantum
559 1618 681 1671 anguli
715 1619 818 1672 plani
855 1621 899 1661 ad
926 1619 1106 1674 angulum
1127 1620 1285 1661 solidum
1305 1621 1477 1663 forman-

174 1681 265 1720 dum
302 1692 556 1734 concurrant,
589 1682 755 1735 pluribus
790 1686 920 1726 modis
973 1685 1108 1726 institui
1159 1686 1303 1739 possit,
1340 1694 1477 1738 patet,

176 1744 369 1796 quodlibet
405 1757 540 1798 corpus
572 1746 728 1788 solidum
749 1780 759 1797 ,
792 1750 856 1790 nisi
890 1750 967 1791 iam
1012 1749 1055 1789 fit
1098 1751 1269 1801 pyramis
1309 1749 1478 1801 triangu-

173 1810 286 1859 laris,
323 1807 486 1863 pluribus
517 1811 642 1852 modis
674 1825 758 1854 vno
791 1814 928 1867 angulo
946 1813 1063 1856 solido
1091 1815 1258 1857 mutilari
1287 1809 1412 1868 poss‘e„

569 1937 971 1985 COROLL.
1038 1946 1083 1982 6.

324 2043 373 2081 7.
407 2033 662 2089 Quotcunque
699 2051 794 2092 ergo
834 2051 971 2092 corpus
1020 2039 1259 2093 propositum
1303 2037 1477 2081 habuerit

178 2100 334 2152 angulos
371 2098 501 2137 londos
521 2132 531 2148 ,
567 2098 656 2138 dum
690 2102 765 2143 boc
798 2104 921 2144 modo
954 2117 1090 2144 eorum
1134 2116 1313 2146 numerus
1351 2104 1474 2145 conti-

177 2175 254 2203 nuo
285 2165 430 2205 vnitate
464 2163 717 2218 diminuitur,
750 2168 903 2208 tandem
940 2181 1026 2210 curn
1059 2179 1383 2224 quatuor‘tantum
1404 2179 1471 2206 an-

805 2230 843 2269 T
880 2243 906 2270 ι
1396 2226 1471 2281 guli
