2013 2703
564 153 652 202 ³⁶8
695 151 785 193 DE
824 147 1269 195 COHAESIONE
1298 142 1713 190 SOLIDORVM

558 267 837 320 vegetabilibus,
871 265 1041 307 surculus
1059 265 1103 306 fit
1129 266 1268 316 arbos,
1301 276 1504 319 augmento
1522 277 1559 307 et
1575 266 1713 307 robore
1746 277 1831 320 par-

558 332 674 381 tium,
694 343 784 382 quae
815 330 1041 369 constituunt
1061 362 1070 380 ,
1089 331 1206 383 magis
1225 329 1453 369 tid-actarum.
1485 329 1652 382 Fluitque
1670 332 1707 369 in
1727 330 1831 369 venis

553 393 751 432 metallum
784 393 1032 432 immaturum
1067 392 1128 432 sub
1162 394 1323 432 nomine
1357 390 1438 432 Gur
1470 393 1656 433 metallici.
1693 393 1830 432 Haeret

554 465 682 494 autem
703 486 714 506 ‚
746 456 804 494 vti
839 456 876 494 in
912 457 1020 495 initio
1056 457 1219 504 monui,
1259 457 1384 496 omnis
1420 455 1511 496 liaec
1532 489 1542 508 ,
1576 465 1611 495 ei
1644 455 1829 495 success'iua

557 518 596 557 in
636 519 805 570 partibus
848 530 886 558 et
927 521 964 558 in
999 529 1112 571 toto,
1153 520 1360 560 differentia
1403 531 1478 559 nori
1513 519 1550 558 in
1593 518 1712 558 solidis
1750 518 1832 571 ipsis

556 581 896 634 constituentibus,
938 581 998 622 sed
1042 584 1078 621 iri
1121 582 1262 635 glutine
1298 583 1507 635 iungente,
1547 581 1630 635 plus
1666 582 1833 622 minusue

557 644 751 684 elaborato
784 655 822 684 et
856 646 1073 699 compae'to.
1149 645 1279 686 Farina
1314 646 1490 687 frumenti
1540 646 1705 686 volatilis
1745 657 1832 685 cum

558 720 653 760 aqua
688 708 886 748 commista
920 710 957 749 iii
998 710 1143 763 pultem
1166 741 1176 760 ‚
1219 719 1327 749 motu
1360 711 1493 750 deinde
1531 709 1699 762 subaCta,
1739 721 1835 749 con-

557 770 727 811 densatur
759 772 798 811 in
832 774 985 812 maffim
1022 806 1033 823 ,
1081 785 1131 813 ex
1179 786 1248 826 qua
1289 785 1391 813 certo
1434 773 1529 826 ignis
1576 775 1687 824 gradu
1733 773 1835 825 panis

555 836 738 887 coquitur.
814 835 936 875 Puluis
970 837 1120 876 viarum
1142 868 1153 886 ‚
1185 846 1299 876 vento
1333 837 1486 876 mobilis
1507 867 1517 886 ‚
1556 836 1734 889 spargitur
1769 849 1834 887 per

557 909 690 950 auras3
721 899 842 939 imbre
870 911 966 939 vero
996 899 1224 940 madet-icum
1242 909 1279 939 et
1306 900 1470 940 subactus
1490 901 1593 939 idem
1614 900 1769 939 vertitur
1797 900 1833 938 in

554 959 691 1000 limum
725 962 974 1015 cohaeretque
993 963 1140 1003 ductilis
1158 995 1167 1013 ,
1198 963 1370 1016 inprimis
1399 963 1422 1002 si
1448 963 1508 1002 vel
1534 962 1607 1014 iple
1644 962 1833 1015 pinguior,

557 1023 621 1063 vel
659 1025 849 1064 mucosior
881 1026 934 1064 est
971 1026 1123 1077 pluuia:
1160 1027 1246 1064 inde
1284 1026 1463 1065 formatus
1496 1025 1668 1078 globulus
1695 1025 1835 1076 mollis,

557 1087 691 1126 ardore
718 1088 883 1136 clibani,
918 1097 1077 1127 torretur
1107 1088 1143 1126 in
1178 1087 1359 1140 lapideam
1380 1089 1571 1128 duritiem.
1611 1089 1671 1129 Ex
1691 1088 1779 1128 oleo
1797 1099 1836 1128 et

557 1149 714 1202 puluere
783 1161 907 1189 cretae
968 1150 1200 1205 impalpabili
1250 1151 1365 1191 mistis
1411 1153 1584 1192 materies
1652 1152 1836 1192 conflatur

558 1221 675 1253 tenax
715 1221 762 1265 et,
796 1213 965 1266 ductilis,
1000 1227 1072 1266 qua
1103 1214 1301 1266 iunguntur
1342 1215 1436 1255 vitra
1467 1216 1601 1268 ligno,
1640 1228 1803 1269 quaeque
1824 1247 1834 1266 ,

556 1275 688 1316 senfim
733 1276 859 1317 siccata
908 1286 947 1316 et
980 1275 1094 1317 solida
1136 1276 1259 1329 facta,
1293 1280 1423 1318 a‘e‘rcm
1463 1289 1562 1318 arcet
1603 1288 1641 1318 et
1681 1291 1832 1331 aquam.

560 1338 765 1380 Notissima
796 1338 890 1379 haec
921 1351 972 1379 ex
1006 1340 1208 1380 innumeris
1225 1342 1369 1380 adduco
1389 1343 1600 1393 exempla,
1636 1351 1676 1379 vt
1695 1351 1832 1392 pateat,

559 1403 651 1443 dum
684 1402 720 1441 in
765 1414 924 1454 corpore
966 1401 1137 1442 humano
1179 1403 1324 1455 praesto
1367 1404 1444 1440 funt
1488 1411 1610 1454 partes
1653 1403 1832 1442 minimae

560 1465 762 1515 terrestres,
797 1465 936 1504 humor
971 1465 1035 1504 lias
1067 1465 1291 1504 connestens
1322 1465 1635 1517 aquosoroleolus
1656 1498 1665 1515 ,
1707 1476 1832 1504 motus

559 1529 760 1568 continuus
780 1560 790 1579 ‚
824 1538 862 1567 et
894 1527 996 1567 calor
1029 1528 1286 1582 appropriatus
1314 1558 1324 1575 ‚
1361 1537 1400 1566 vt
1440 1539 1488 1566 ex
1533 1528 1687 1567 mucoso
1731 1529 1832 1579 prin-

557 1591 661 1644 cipio
682 1624 691 1643 ,
725 1592 762 1630 in
796 1591 941 1644 siugulis
975 1593 1065 1630 etin
1084 1592 1256 1630 omnibus
1274 1623 1284 1640 ,
1320 1592 1459 1630 ratione
1480 1591 1642 1642 partium
1664 1623 1673 1640 ‚
1700 1590 1832 1628 cuufta

560 1653 789 1706 firmentur,
822 1653 1052 1705 increscant,
1087 1655 1312 1706 tandemque
1349 1666 1414 1706 per
1446 1653 1564 1705 ipsum
1598 1654 1766 1692 calorem
1796 1663 1834 1692 ct

565 1730 717 1760 motum
759 1719 982 1757 continuum
1025 1717 1200 1770 rigescant
1243 1718 1321 1768 ita,
1358 1727 1398 1755 vt
1431 1716 1471 1755 sir
1506 1716 1728 1756 ineuitabilis
1769 1713 1833 1755 firi

565 1782 689 1822 senilis
723 1781 909 1822 necessitas
930 1814 940 1832 ,
974 1794 1086 1834 quam
1123 1780 1188 1820 sint
1221 1793 1313 1819 vana
1347 1780 1492 1818 illorum
1528 1779 1701 1832 promissa
1726 1780 1834 1832 ,(μιί,

565 1845 628 1898 spe
672 1846 853 1898 longioris
894 1845 974 1884 aeui
997 1877 1006 1895 ,
1049 1845 1169 1897 paucis
1218 1844 1356 1882 elixirii
1389 1854 1452 1882 aut
1486 1843 1655 1882 essentiae
1688 1843 1838 1896 guttulis

566 1908 733 1948 credulos
764 1909 893 1948 fallunt
928 1907 993 1960 ipsi
1027 1908 1202 1959 decepti;
1239 1910 1329 1945 dum
1367 1919 1433 1959 per
1465 1907 1644 1958 integram
1672 1907 1838 1958 corporis

571 1971 726 2010 masfiim
748 2004 758 2021 ,
790 1973 829 2011 vi
865 1971 1109 2024 penetrabili,
1143 1969 1267 2009 cuneta
1298 1979 1471 2009 concreta
1502 1969 1696 2008 diisohicrc
1715 2002 1724 2018 ,
1768 1980 1835 2008 no-

572 2045 695 2085 vaque
715 2044 800 2086 apta
824 2033 1013 2073 insundcre
1038 2066 1047 2084 ,
1068 2033 1196 2072 iisdem
1224 2043 1406 2072 conantur
1428 2049 1435 2073 ;
1471 2033 1635 2085 :ideoque
1655 2045 1673 2071 a
1696 2033 1834 2071 morbo

574 2109 795 2150 quocunque
821 2129 831 2147 ‚
878 2098 1033 2137 caeteris
1065 2097 1247 2137 insanabili
1287 2097 1566 2136 medicamentis
1587 2127 1598 2146 ,
1641 2095 1831 2135 liberatum

1703 2165 1841 2211 corpus
