2013 2703
285 142 380 185 AD
411 137 1011 184 ARCHITECTVRAM
1039 138 1327 186 CIVILEM
1370 155 1453 194 εις

166 272 244 301 non
281 261 387 302 nihil.
457 260 558 303 Hinc
592 259 756 313 sequenti
787 260 946 301 consilio
980 260 1057 302 hoc
1077 261 1273 316 problema
1307 266 1566 317 aggresTn.
1588 265 1646 302 IV.

163 325 218 365 sus
235 325 330 365 sum.
366 325 449 366 Sint
466 327 615 366 fornicis
645 323 897 365 semilatitudo
917 323 1026 377 AC,
1060 327 1216 367 altitudo
1234 325 1311 368 CB
1336 329 1458 368 datae.
1479 334 1550 383 Fig.
1577 339 1629 370 3.·

162 389 360 444 Quoniam
398 391 518 443 itaque
555 390 691 443 poples
721 389 913 429 euitandus
944 389 997 429 est
1038 391 1076 430 in
1128 390 1313 443 puluinari
1365 391 1462 444 apud

162 455 201 493 A
220 483 230 503 ,
250 465 357 493 arcus
390 455 572 494 circularis
605 455 640 493 A
664 453 698 493 K
719 462 892 492 centrum
913 451 1016 492 suum
1037 453 1166 494 alicubi
1186 454 1326 494 habere
1352 455 1464 495 debet

161 518 199 556 in
219 516 318 556 rest-t
338 518 375 557 Α
396 516 430 558 C
449 551 458 569 ‚
480 518 598 557 veluti
620 518 654 555 in
674 514 706 554 1.
747 515 798 553 Vt
817 516 954 567 poples
979 516 1069 556 absit
1089 517 1123 555 in
1143 517 1189 567 K,
1226 519 1367 558 debent
1386 517 1463 558 duo

159 579 272 620 arculi
304 582 471 634 contigui
513 581 654 619 ibidem
698 576 848 617 infinite
899 579 1004 631 parui
1037 579 1174 619 habere
1206 593 1462 622 communem

161 654 415 697 tangentem3
451 656 542 684 curn
578 654 702 683 autem
739 652 897 694 tangens
940 643 1071 696 puncti
1108 643 1143 684 K
1195 645 1233 684 in
1286 642 1459 698 resperstu

161 709 207 749 ad
240 720 373 749 arcum
411 708 446 749 K
466 709 504 748 A
540 706 584 747 fit
616 706 932 759 perpendicularis
967 708 1074 748 radio
1108 707 1204 748 IK:
1231 708 1311 748 talis
1338 710 1459 749 etiam

161 771 275 812 debet
306 771 383 812 effe
417 781 570 825 tangens
601 769 726 811 similis
758 773 795 810 in
840 770 1010 823 respectu
1059 770 1106 812 ad
1157 785 1286 813 arcum
1340 771 1428 812 KB
1448 806 1460 824 ‚

158 835 235 876 hoc
269 835 320 875 est
342 866 354 887 ‚
388 848 490 876 arcus
522 835 553 875 l<
573 833 608 875 B
639 846 815 874 centrum
850 833 955 875 suum
994 835 1132 877 habere
1164 837 1280 878 debet
1298 837 1335 877 in
1356 837 1459 876 resta

159 894 297 940 KIM
336 898 541 953 protensa·⁷
577 910 620 939 vt
653 898 877 952 effugiamus
914 898 1104 953 poplitem
1140 902 1177 941 in
1215 900 1248 941 B
1280 913 1369 941 cum
1408 900 1459 941 al-

159 971 240 1002 ter-³
274 975 377 1003 arcus
411 965 641 1004 medietate:
678 963 878 1015 requiritur
910 976 1081 1005 centrum
1117 978 1220 1005 arcus
1253 965 1288 1006 K
1308 963 1461 1019 Bquo-

159 1036 232 1080 que
268 1026 305 1064 in
341 1026 442 1067 rectu
478 1026 511 1066 B
532 1024 565 1066 C
602 1026 811 1078 protensa3
861 1036 1032 1066 centrum
1072 1042 1168 1082 ergo
1219 1043 1324 1069 arcus
1372 1029 1458 1070 KB

161 1101 344 1143 nusquam
379 1089 455 1129 effe
490 1089 610 1142 potest
633 1119 642 1137 ‚
675 1088 739 1128 nisi
774 1090 811 1128 in
849 1089 1110 1130 intersectione
1146 1093 1334 1132 rectarum
1354 1092 1388 1131 Κ
1409 1092 1426 1132 1
1447 1126 1458 1144 ,

161 1151 249 1194 BC
269 1190 278 1205 ,
316 1154 584 1208 produc‘tarum
607 1186 617 1204 ‚
652 1152 725 1192 hoc
757 1152 809 1192 est
852 1153 889 1192 in
931 1152 1011 1206 M3
1062 1155 1258 1207 requiritur
1304 1157 1460 1209 itaque,

160 1229 205 1258 vt
240 1219 282 1258 fit
313 1218 356 1258 Μ
379 1218 412 1258 K
434 1231 488 1257 z
508 1216 555 1257 M
576 1215 621 1255 Β.
658 1213 821 1256 Neceffe
855 1227 971 1268 porro
1008 1217 1143 1257 deinde
1176 1218 1256 1269 est,
1306 1230 1351 1260 vt
1382 1219 1458 1260 duo

159 1282 251 1322 radii
284 1281 357 1322 11<
388 1290 427 1319 ct
458 1279 557 1319 MK
594 1289 671 1317 non
706 1278 870 1317 nimium
914 1279 1014 1319 inter
1064 1279 1098 1319 se
1149 1281 1325 1322 differant
1373 1283 1454 1324 lon-

158 1344 362 1397 gitudine;
395 1342 484 1383 alias
518 1341 681 1396 asped’tus
720 1343 932 1381 enormiter
976 1343 1130 1384 laeditur
1151 1379 1162 1397 ,
1207 1347 1307 1398 quod
1357 1347 1456 1389 ficui

157 1408 413 1447 delineatione
446 1407 599 1460 concipi
635 1406 766 1459 potest.
839 1406 1025 1462 Quamuis
1056 1410 1160 1449 enim
1212 1409 1324 1451 arculi
1357 1423 1454 1450 con-

157 1471 248 1525 tigui
283 1471 399 1511 etiam
434 1471 470 1510 in
504 1471 572 1511 hac
590 1470 868 1510 circumstantia
903 1471 1066 1512 habeant
1096 1484 1350 1515 communem
1372 1484 1454 1515 tan-

159 1545 344 1587 gentem:
382 1545 510 1575 tamcn
544 1536 740 1574 curuitates
776 1537 961 1590 vtriusque
995 1549 1097 1577 arcus
1132 1539 1168 1578 A
1189 1537 1222 1578 K
1259 1551 1297 1579 et
1337 1538 1370 1579 K
1391 1537 1456 1591 B,

159 1599 264 1638 cuius
296 1598 490 1638 curuitatis
526 1599 663 1638 indices
694 1598 771 1639 sunt
805 1601 896 1640 radii
934 1599 999 1641 IK
1034 1612 1073 1641 et
1106 1602 1151 1642 M
1174 1602 1204 1642 Κ
1231 1634 1243 1654 ‚
1278 1604 1397 1644 subito
1415 1613 1454 1644 et

157 1662 320 1702 multum
355 1663 635 1710 immutantur,
672 1664 698 1703 fi
734 1665 826 1703 radii
863 1664 1023 1706 multum
1077 1666 1249 1706 differunt
1282 1667 1451 1721 longitu-

158 1726 244 1765 dine
268 1739 279 1778 3
314 1738 407 1778 quae
428 1726 503 1779 ipsa
525 1728 636 1767 subita
671 1730 834 1769 mutatio
861 1741 1032 1767 animum
1068 1728 1283 1781 spectatoris
1301 1732 1453 1770 laedere

160 1785 400 1842 magnopere
432 1790 534 1831 solet.
587 1790 739 1831 Similes
776 1804 891 1844 porro
925 1792 1073 1844 regulae
1115 1793 1279 1833 ndlii'oeri
1314 1794 1454 1834 debent

159 1875 232 1918 pro
283 1862 460 1902 cuit-ando
513 1864 656 1918 poplite
710 1866 747 1905 in
801 1865 869 1904 illis
921 1867 1105 1906 membris
1153 1865 1454 1908 arcliitestonicis

158 1935 338 1976 omnibus
358 1965 371 1986 ,
417 1947 510 1988 quae
543 1949 591 1976 ex
625 1938 763 1978 duobus
796 1938 924 1978 circuli
957 1942 1113 1980 arcubus
1146 1952 1446 1996 componuntur,

158 2007 277 2059 qualia
310 2006 391 2047 lunt
421 2010 614 2060 cymatium
656 2009 826 2051 Lesbium
845 2043 855 2062 ,
906 2010 1100 2063 trochilus,
1120 2015 1276 2071 fimae3
1316 2017 1446 2057 immo

157 2079 275 2120 etiam
308 2082 407 2129 aira,
445 2081 555 2121 veluti
589 2087 690 2123 torus
709 2115 720 2135 ,
753 2095 793 2125 et
823 2084 1025 2142 apophygis
1044 2119 1055 2140 ,
1090 2086 1128 2127 in
1182 2089 1314 2142 quibus
1345 2087 1448 2128 effici

1338 2152 1450 2191 debet
