2013 2703
556 139 638 174 ηδ
927 127 1475 175 ELEMENTA

886 256 1482 300 PROPOSIT10.111.

663 360 695 408 ς,
736 370 808 405 30-
851 354 1039 398 Numerus
1078 356 1233 395 omnium
1274 354 1483 407 angulorum
1518 353 1709 409 planorum
1725 388 1734 405 ,
1779 357 1841 411 qui

546 425 585 462 in
623 424 763 462 ambita
813 421 977 473 cuiusque
1004 416 1116 473 fiilidi
1163 417 1316 472 existmzt
1365 418 1429 458 vel
1471 417 1638 472 aequalis
1687 419 1732 469 est
1781 418 1844 460 vel

546 487 664 525 maior
711 495 856 525 numero
903 482 1112 536 angulorum
1131 478 1331 534 Jblidorum
1370 489 1430 523 ter
1453 478 1594 537 sumto.
1665 481 1740 521 Vel
1774 495 1842 522 nu-

544 561 665 589 merus
706 547 916 601 angulorum
961 546 1153 600 planorum
1200 557 1385 599 nunquam
1446 550 1563 588 minor
1619 543 1686 603 effe
1730 545 1842 600 potest

544 624 655 665 quam
689 611 840 668 triplum
867 611 1008 650 numeri
1038 609 1250 662 angulorum
1269 608 1479 663 solidorum.

902 735 1473 779 DEMONSTRATIO.

661 834 830 892 Quilibet
869 833 1023 887 angulus
1064 831 1195 872 solidus
1235 831 1300 872 vel
1328 845 1350 872 a
1378 832 1491 872 tribus
1530 831 1673 884 angulis
1722 831 1840 885 planis

545 896 728 940 formatur
761 897 862 937 vela
889 898 1082 951 pluribu5‚
1114 897 1313 949 pauciores
1354 897 1459 935 enim
1502 908 1615 948 quam
1658 905 1730 934 tres
1771 907 1840 934 an-

545 964 623 1016 guli
657 963 757 1016 plani
790 962 970 1014 angulum
1003 960 1162 999 solidum
1196 960 1420 998 constituere
1461 967 1666 1010 nequeunt.
1743 959 1840 998 Hinc

546 1027 572 1066 fi
603 1039 739 1066 ornnes
767 1025 894 1076 anguli
929 1024 1032 1063 (olidi
1063 1035 1085 1061 a
1110 1022 1227 1062 tribus
1263 1022 1378 1072 planis
1396 1021 1633 1070 formantur,
1667 1032 1840 1060 numerus

544 1091 768 1141 angulorum
804 1088 1001 1138 planorum
1037 1084 1151 1134 triplo
1191 1085 1314 1123 maior
1351 1084 1425 1122 effe
1460 1083 1576 1123 debet
1618 1095 1730 1137 quam
1773 1096 1837 1123 nu-

542 1163 670 1192 merus
698 1149 924 1202 angulorum
960 1146 1191 1200 solidorum3
1226 1147 1280 1188 sm
1311 1157 1442 1187 autem
1473 1148 1520 1187 ad
1551 1147 1734 1200 quosdam
1775 1160 1840 1187 an-

543 1215 648 1267 gulos
677 1214 812 1253 solidos
827 1210 1102 1252 constituendos
1119 1210 1242 1262 plures
1260 1211 1388 1261 anguli
1408 1211 1510 1263 plani
1531 1210 1811 1263 coniunguntur
1825 1243 1838 1263 ,

544 1289 722 1318 numerus
752 1277 980 1327 angulorum
1014 1272 1216 1325 planorum
1258 1284 1407 1325 quoquc
1448 1276 1570 1313 maior
1610 1275 1681 1313 crit
1722 1287 1837 1326 quam

487 1342 495 1350 ‘
541 1353 718 1381 numerus
749 1338 975 1390 angulorum
995 1335 1201 1376 solidorum
1222 1367 1234 1387 ,
1263 1337 1388 1376 minor
1405 1346 1532 1376 autern
1552 1348 1742 1389 nunquam
1763 1337 1836 1379 effe

543 1403 680 1458 potest.
716 1402 770 1458 Q.
805 1401 857 1444 E.
892 1400 948 1442 D.

994 1525 1317 1570 COROLL.
1357 1537 1396 1566 1.

663 1629 697 1677 §.
741 1636 812 1674 31.
859 1621 900 1665 Si
950 1636 1128 1666 numerus
1165 1622 1389 1676 angulorum
1432 1620 1630 1662 solidorum
1675 1630 1835 1675 ponatur

546 1706 600 1735 z
636 1691 662 1733 S
681 1725 692 1743 ,
727 1702 904 1730 numerus
938 1701 1032 1729 vero
1050 1688 1211 1727 acierum
1233 1699 1285 1725 z
1308 1687 1346 1726 A
1365 1698 1438 1739 pro
1458 1686 1572 1725 {olido
1591 1697 1808 1739 quocunque
1824 1719 1836 1738 ,

546 1758 632 1810 quia
664 1766 841 1796 numerus
873 1755 1048 1793 omnium
1080 1751 1306 1804 angulorum
1345 1750 1542 1803 planorum
1575 1749 1628 1790 cst
1648 1763 1704 1789 z
1728 1762 1750 1788 2
1772 1751 1832 1802 A,

547 1823 694 1874 semper
726 1818 798 1858 erit
833 1817 894 1857 vel
929 1829 952 1856 2
978 1818 1134 1865 Azg
1158 1814 1267 1855 Svel
1292 1815 1372 1854 :A
1397 1815 1438 1864 >
1463 1811 1547 1859 35.

1000 1940 1321 1983 COROLL.
1363 1954 1401 1981 2.

664 2043 697 2090 ξ.
739 2053 809 2090 32.
847 2041 947 2080 Fieri
982 2051 1074 2092 ergo
1118 2040 1276 2092 nequit,
1318 2049 1360 2078 vt
1394 2051 1559 2093 vnquam
1594 2036 1635 2078 fit
1668 2049 1690 2075 2
1714 2036 1751 2077 Α
1785 2037 1828 2085 <,’

550 2119 573 2157 3
597 2104 647 2159 S,
667 2106 725 2145 scu
747 2106 780 2143 Α,
800 2105 841 2152 <ζ
856 2102 902 2151 {S
921 2132 932 2152 ,
957 2102 1107 2152 scus>
1132 2109 1144 2153 ξ
1168 2105 1219 2144 Α.
1258 2103 1387 2158 Quare
1405 2103 1431 2145 fi
1452 2113 1642 2157 practerea
1661 2110 1835 2140 numerus

1699 2163 1833 2203 heuta-
