2013 2703
250 128 350 180 AD
383 127 999 177 ARCHITECTVRAM
1027 132 1338 179 CIVILEM.
1394 135 1483 189 205'

184 265 210 294 a
245 253 286 293 V
287 254 426 294 rtruvio
458 265 574 307 vsque
607 252 653 293 ad
673 252 748 294 hoc
783 261 937 307 ternpus
969 251 1182 294 Architecti
1215 253 1255 294 in
1287 253 1488 296 condendis

187 317 395 358 fornicibus
429 317 523 357 nihil
556 318 646 358 certi
667 317 847 357 haberent
868 349 879 368 ‚
913 317 1015 371 quod
1035 317 1269 370 sequerentur
1286 351 1297 369 ‚
1330 317 1391 358 sed
1410 318 1491 373 pal-

188 382 320 435 pando
354 390 504 421 tantum
539 393 680 421 cuneos
712 380 952 433 formarent,
992 380 1150 423 testante
1193 381 1412 425 Fontenellio
1453 383 1493 424 in

189 445 314 487 Mem.
350 444 398 484 de
428 439 585 487 l'Acad.
625 455 754 494 1704.
788 452 814 499 p
848 454 922 493 95.

338 573 373 622 §-
410 575 466 614 X.
506 573 682 625 Apparet
701 569 803 622 hinc,
824 569 974 625 pondus
1000 571 1211 612 absolutum
1234 573 1351 626 primi
1386 577 1497 619 cunei
1517 583 1615 620 Tu.
1637 574 1701 623 {Vq

192 638 223 679 F
236 636 325 679 DH
338 637 506 677 Pdebere
516 634 589 674 esse
608 635 757 675 infinite
768 646 968 687 magnum.
990 634 1124 676 Debet
1141 636 1248 676 enim
1269 636 1345 677 effe
1363 651 1395 679 z
1414 635 1494 700 ³¹7⁰,
1518 666 1590 716 Fig.
1624 677 1653 699 h

190 708 260 766 (ξ.
282 707 374 748 v11.
395 704 433 762 )·,
454 706 529 746 hoc
550 715 678 747 autem
699 704 779 746 casu
799 706 850 745 est
867 717 1012 758 uzo,
1032 715 1171 762 ergop
1190 721 1243 747 z
1263 703 1328 764 gc
1349 724 1404 750 z
1429 726 1494 751 00.
1654 709 1658 712 ’

191 781 299 824 Nam
319 780 569 834 qualecunque
590 778 738 832 pondus
759 777 910 820 finitum
931 778 1068 821 habeat
1087 790 1228 821 cuneus
1255 779 1316 820 hic
1336 783 1496 833 primus,

189 846 348 887 minima
383 845 468 896 vis,
504 856 683 898 premens
718 842 837 896 ipsum
873 843 1077 885 secundum
1113 843 1496 886 directionemlesto

190 911 254 950 suo
286 909 500 949 normalem
522 941 532 959 ,
563 921 583 949 a
617 921 742 948 cuneo
774 908 952 961 superiori
983 908 1168 962 proximo
1219 907 1495 961 proficiscens,

193 973 352 1026 repellet
386 971 506 1024 ipsum
544 984 565 1011 a
595 981 729 1012 centro
749 1004 759 1023 ,
791 981 830 1010 et
862 971 1050 1013 fornicem
1086 972 1262 1013 turbabit.
1338 972 1384 1013 In
1426 973 1500 1014 hac

196 1037 311 1088 igitur
345 1034 548 1087 hypothesi
568 1066 579 1084 ‚
615 1036 651 1074 in
684 1046 758 1086 qua
792 1036 901 1073 cunei
920 1035 1003 1074 sunt
1023 1036 1190 1088 perfee'te
1210 1035 1369 1086 lubrici,
1405 1049 1505 1089 pon-

198 1100 265 1139 dus
301 1098 411 1138 valde
446 1109 632 1151 maguum
669 1097 782 1136 debet
797 1096 906 1136 tribui
925 1109 1048 1136 cuneo
1082 1099 1246 1150 primo,
1281 1109 1320 1137 et
1347 1099 1500 1151 sequen-

198 1164 296 1202 tibus
343 1162 520 1215 proxime
561 1161 684 1214 ipsum
725 1192 736 1210 ,
788 1169 831 1198 vt
866 1161 948 1200 vim
993 1160 1089 1201 tholi
1132 1159 1308 1200 sustinere
1352 1170 1502 1214 queant.

197 1228 301 1283 Quia
341 1236 470 1266 autem
514 1225 623 1264 cunei
664 1222 882 1275 interposita
924 1223 1022 1262 calte
1065 1225 1251 1263 vniuntur
1281 1254 1292 1274 ,
1330 1225 1505 1280 adeoque

198 1292 367 1332 multum
400 1288 528 1328 absunt
563 1300 582 1326 a
618 1285 781 1338 perfet‘ta
816 1285 1064 1339 lubricitate3
1099 1286 1187 1325 hinc
1222 1287 1349 1338 regula
1381 1288 1501 1341 haec,

196 1366 288 1393 cum
319 1353 360 1392 in
405 1352 530 1405 rigore
560 1349 748 1391 obseruari
780 1360 861 1389 non
893 1348 1038 1403 poffit;
1074 1361 1146 1390 nec
1178 1351 1295 1390 etiam
1335 1351 1465 1391 debet.

349 1483 384 1531 ξ.
419 1479 497 1521 ΧΙ.
532 1478 640 1519 Haec
661 1491 758 1520 vero
777 1478 901 1533 regula
920 1480 968 1521 de
988 1480 1161 1534 pondere
1180 1480 1331 1522 infinite
1352 1493 1500 1535 magno

198 1546 310 1589 cunei
346 1545 490 1599 primi,
521 1543 561 1582 in
593 1555 642 1582 eo
676 1555 823 1584 tantum
858 1544 938 1585 casu
973 1545 1075 1585 valet
1097 1578 1108 1596 ,
1143 1546 1181 1585 in
1215 1559 1291 1599 quo
1326 1546 1501 1599 puluinar

201 1613 257 1651 est
290 1607 529 1650 horizontale
551 1638 561 1657 ,
595 1616 704 1661 atque
740 1607 875 1660 simul,
907 1610 965 1649 vti
999 1610 1193 1660 diximus,
1224 1609 1390 1663 perfecte
1434 1622 1502 1664 po·

202 1676 328 1715 litum.
396 1669 510 1712 Cuius
544 1673 598 1712 rei
628 1672 817 1712 rationem
851 1673 1005 1726 optime
1039 1674 1206 1727 explicat
1238 1674 1375 1714 iterum
1404 1672 1503 1714 Fon-

204 1737 363 1780 tenemus
399 1737 434 1776 in
468 1735 589 1776 [Hem.
625 1737 670 1777 de
704 1735 854 1778 I’Acad.
889 1737 934 1776 de
967 1737 1112 1787 Paris,
1151 1746 1269 1786 1704
1291 1767 1303 1786 ‚
1334 1745 1376 1791 p.
1408 1749 1499 1787 94,

205 1803 309 1843 hisee
343 1799 493 1840 verbis:
517 1832 540 1850 ‚,
572 1810 652 1840 tous
683 1800 735 1840 les
770 1798 970 1852 vouffoirs,
1002 1800 1151 1840 hormis
1187 1799 1222 1839 le
1259 1800 1434 1851 dernier,
1454 1812 1503 1840 ne

204 1897 236 1919 .„
257 1863 477 1920 pourroient
498 1861 615 1903 laiffer
647 1864 804 1905 tomber
837 1877 886 1904 un
904 1875 1008 1905 autre
1030 1862 1106 1904 sans
1123 1864 1282 1904 s’elever
1304 1894 1315 1914 ,
1337 1863 1358 1903 -Ῑι
1377 1863 1502 1916 quelle.

209 1927 506 1983 „elevationils
542 1927 746 1982 resistent‘,
782 1928 928 1969 maisle
963 1929 1110 1969 dernier
1146 1926 1158 1983 (
1192 1927 1293 1968 nobis
1305 1929 1452 1983 primus
1488 1925 1502 1982 )

204 2027 232 2049 v
254 2003 346 2047 peut
376 1991 497 2031 laifler
530 1991 678 2032 tomber
695 2005 744 2033 un
775 2000 880 2033 autre
899 1991 976 2032 sans
994 1993 1171 2043 s'elever‚
1192 2003 1240 2031 en
1268 1991 1410 2044 gliffimt
1435 1990 1503 2031 ho-

211 2089 239 2112 „
258 2055 554 2098 rizontalement
575 2087 585 2106 ,
615 2067 661 2095 au
681 2056 768 2110 quel
801 2067 1052 2098 mouvement
1069 2055 1121 2096 les
1154 2055 1288 2109 poids,
1308 2063 1389 2096 tant
1406 2053 1509 2108 qu'ils

211 2153 242 2178 2,
259 2121 344 2164 sont
374 2118 486 2173 finis,
515 2114 757 2176 n'apportent
786 2132 930 2162 aucune
961 2121 1176 2176 refistance,
1206 2120 1248 2165 δε
1275 2118 1320 2164 ils
1336 2132 1384 2162 ne
1400 2130 1504 2159 com-

791 2180 827 2239 C
853 2196 874 2223 ί
908 2193 929 2232 ³
1353 2214 1378 2236 η
1396 2189 1509 2236 men:
