2013 2703
552 199 643 240 240
739 186 829 229 DE
862 178 1160 227 VJRTVTE
1190 174 1622 226 MAGNETICA

554 305 752 347 drachmas
784 300 870 341 ferri
905 298 1148 340 sustentarent
1181 333 1191 352 ‚
1236 298 1352 339 vnitis
1387 298 1435 338 ita
1467 309 1510 339 vt
1552 300 1633 353 poli
1677 300 1845 341 boreales

552 370 758 409 desinerent
792 365 831 402 in
849 364 988 403 eodem
1024 364 1160 416 plano,
1196 374 1233 404 et
1252 363 1352 402 ferro
1387 362 1430 400 iis
1457 362 1645 415 admoto,
1681 365 1847 405 attrahe-

551 432 643 470 bant
687 438 725 466 et
760 427 1006 467 sustentabant
1039 426 1194 480 quidem
1231 425 1467 467 coniunctim
1500 426 1639 467 ferrum
1660 460 1671 478 ,
1702 428 1848 468 cuiusli-

550 493 615 533 bet
651 499 780 531 tamen
810 483 1130 531 lamellae'virtus
1162 491 1351 545 insigniter
1384 489 1652 530 debilitabatur.

616 615 686 659 VI.
723 616 830 670 Ergo
879 617 1089 658 debilitatur
1124 619 1338 672 magnetica
1373 617 1488 657 virtus
1521 616 1755 657 lamellarum
1779 646 1790 667 ‚
1819 616 1846 656 fi

675 679 848 722 lamellae
867 682 980 722 vnitis
989 682 1126 722 viribus
1138 682 1276 723 ferrum
1289 681 1455 723 trahunt.
1477 679 1623 722 Confer
1641 678 1848 734 Expenll.

957 808 1329 852 EXPERIM.
1385 807 1464 848 XI.

718 902 762 949 Si
803 904 1169 960 parallelepipedum
1203 915 1255 943 ex
1293 902 1464 942 indurato
1499 901 1658 953 chalybe
1689 900 1853 955 politum

570 967 706 1024 longit.
754 973 782 1007 6
832 969 949 1010 ferme
980 969 1186 1020 digitorum
1221 966 1346 1006 Lond.
1392 966 1454 1004 lat.
1496 966 1648 1004 dimidii
1679 966 1784 1016 digiti
1818 974 1856 1005 et

571 1033 739 1074 crassitiei
782 1044 823 1069 0.
853 1034 938 1069 166
980 1029 1057 1080 dig.
1100 1028 1207 1069 simili
1239 1028 1383 1066 ratione
1416 1028 1514 1066 inter
1545 1026 1859 1080 parallelepipeda

370 1104 543 1145 Tnvl.
570 1092 660 1136 DE
694 1088 847 1133 et·FG
878 1092 1079 1139 locatum,
1132 1091 1189 1130 vti
1240 1090 1412 1130 lamellae
1451 1102 1503 1130 ex
1551 1089 1707 1142 chalybe
1748 1089 1860 1130 molli

405 1173 478 1221 1:53,
508 1178 543 1206 6,
567 1156 675 1210 Fxp.
708 1154 743 1196 Ι.
777 1154 1017 1209 stringebatur
1049 1166 1137 1194 cum
1171 1153 1322 1194 laminis
1354 1165 1404 1192 ex
1433 1153 1600 1206 chalybe
1635 1153 1744 1194 molli
1779 1153 1860 1194 vir·-

566 1229 643 1262 tute
676 1220 888 1272 magnetica
921 1217 1102 1267 imbutis,
1141 1217 1252 1257 simili
1299 1218 1447 1257 ratione
1476 1219 1535 1258 vti
1583 1218 1858 1271 experimento

401 1282 475 1336 Fig.
510 1295 542 1324 7·
566 1282 664 1325 VII.
696 1283 905 1324 indicatum
926 1312 937 1332 ,
955 1280 1111 1320 tandem
1131 1281 1311 1320 virtutem
1332 1283 1585 1334 magneticam
1605 1281 1858 1335 acquirebant,

565 1358 610 1388 vt
643 1345 790 1399 pondus
819 1343 914 1383 06ῒο
955 1342 1216 1383 drachmarum
1268 1344 1351 1382 ferri
1399 1345 1625 1384 attraherent
1673 1345 1858 1384 nimirum

563 1419 642 1448 non
676 1407 795 1446 maius
826 1406 1003 1458 pondus,
1034 1417 1148 1457 quam
1182 1405 1284 1456 quod
1318 1405 1489 1443 lamellae
1533 1406 1630 1455 ipfiie
1672 1414 1713 1442 et
1764 1414 1855 1443 veru

564 1469 775 1511 trahebant.
811 1468 998 1509 Laboraui
1031 1468 1159 1506 multis
1190 1467 1312 1506 modis
1334 1496 1344 1515 ‚
1374 1476 1419 1505 vt
1451 1467 1639 1507 maiorem
1673 1467 1856 1508 virtutem

568 1532 884 1592 parallelepipedo
915 1531 1237 1574 communicarem
1256 1561 1269 1584 ,
1301 1528 1363 1571 sed
1379 1529 1504 1571 frustra
1521 1529 1721 1582 hucusque.

1670 2160 1860 2221 mqvx·
