2013 2703
578 146 668 192 344-
715 138 806 184 DE
835 135 1278 184 COHAESIONE
1305 137 1714 189 SOLIDORVM

570 259 672 300 oculi
715 259 819 300 nictu
872 257 982 310 plane
1029 255 1069 296 in
1120 255 1212 298 statu
1253 256 1405 299 eodem.
1471 261 1558 302 Hoc
1610 263 1661 304 ita
1711 263 1849 319 specu-

566 319 661 361 latus
693 322 950 375 Hippocrates
985 352 996 371 ,
1050 320 1141 361 ideo
1189 320 1382 362 actuosum
1427 323 1568 364 circuio
1601 327 1747 381 simile,
1802 331 1839 371 in

563 397 641 436 quo
670 386 770 425 idem
808 384 1039 437 principium
1073 394 1112 424 et
1144 383 1229 424 finis
1260 384 1312 424 est
1361 398 1455 426 vnus
1505 386 1629 443 (a),
1673 405 1841 444 pronun-

561 449 674 488 ciauit
704 447 874 488 constare
908 448 1185 488 continentibus
1205 482 1214 500 ‚
1247 451 1435 490 contentis
1456 483 1467 502 ‚
1498 462 1535 491 ct
1562 465 1610 491 eo
1631 482 1644 503 ‚
1673 458 1773 506 quod
1803 461 1840 497 in

557 509 651 550 haec
685 513 771 553 fiiclt
799 513 992 565 impetum
1027 511 1124 567 (b).
1159 511 1252 552 Sunt
1284 511 1423 566 ficiiida,
1458 514 1600 567 fluida,
1634 527 1841 571 eorumque

558 585 688 617 motus
719 576 759 615 in
793 576 828 615 se
862 578 1042 616 inuicem.
1102 576 1150 616 Et
1183 586 1285 616 certe
1317 577 1407 630 qui,
1444 590 1591 631 praeter
1626 578 1720 620 haec
1771 583 1840 623 tria

557 649 803 691 memorata,
837 641 980 694 quaerit
1015 639 1054 678 in
1097 640 1163 679 illo
1208 651 1380 692 quartum
1403 675 1413 693 ,
1464 642 1650 682 laborabit
1698 645 1838 686 frustra.

554 701 623 745 Est
654 706 798 745 etenim
851 703 1102 744 determinata
1152 703 1357 744 solidorum
1411 705 1650 745 cohaerentia
1688 739 1700 760 ,
1752 720 1836 750 cum

554 769 784 809 oscillatione
815 767 968 808 definita
988 799 998 819 ‚
1031 765 1135 806 causa
1168 767 1268 807 vitae
1303 767 1372 806 sola
1395 801 1404 818 ,
1445 769 1498 808 est
1551 770 1684 809 eadem
1739 772 1836 811 ratio

555 834 666 872 vnic:1
703 830 862 871 sanitatis
895 843 973 871 non
1010 830 1131 871 modo
1153 863 1163 880 ,
1198 831 1257 870 ted
1289 832 1379 870 certi
1413 833 1544 884 cuique
1574 835 1717 886 propi-ii
1739 845 1835 875 tem·

553 897 766 947 peramenti
805 904 843 934 et
876 895 1164 948 longaeuitatis:
1201 896 1290 934 dum
1325 895 1465 947 quippe
1498 895 1634 935 debito
1665 906 1757 936 tono
1794 906 1834 938 et

551 958 646 998 iusto
679 959 813 999 ordine
848 959 925 1011 agit
960 960 997 997 in
1033 957 1241 1006 humores,
1277 957 1372 997 haud
1406 958 1474 997 ali-,1
1508 959 1631 1010 potest
1672 961 1709 998 in
1761 960 1837 1000 sin·

547 1024 644 1075 gulis
674 1023 852 1075 operari,
884 1033 997 1074 quarn
1036 1031 1076 1059 vt
1111 1019 1180 1059 sint
1212 1019 1275 1059 suo
1308 1030 1479 1073 quaeque
1522 1019 1610 1060 loco
1662 1021 1829 1075 praesen-

546 1085 597 1124 tia
632 1086 716 1125 talia
748 1083 886 1137 liquida
908 1114 921 1134 ,
953 1093 1046 1136 quae
1082 1083 1119 1121 in
1154 1092 1300 1123 certum
1335 1084 1441 1124 vsum
1471 1098 1490 1124 n
1512 1081 1696 1124 Creatore
1723 1098 1831 1139 prae-

544 1146 649 1188 finita
669 1180 680 1199 ‚
715 1144 917 1188 necessaria
939 1177 951 1198 ‚
988 1158 1106 1199 caque
1137 1145 1220 1186 sana
1254 1146 1418 1196 secreta,
1456 1148 1494 1187 in
1529 1147 1637 1188 solida
1659 1160 1829 1203 reagunt.

543 1211 690 1254 Natura
730 1212 873 1252 etenim
909 1223 929 1251 a
961 1209 1114 1249 nemine
1163 1210 1297 1251 edocta
1342 1210 1462 1252 efficit
1509 1212 1641 1252 omnia
1672 1244 1683 1265 ,
1734 1225 1829 1268 quae

540 1276 771 1317 conueniunt
789 1306 801 1326 ‚
837 1273 970 1327 absque
1004 1273 1078 1313 vlla
1113 1272 1306 1327 disciplina
1327 1272 1339 1330 (
1360 1287 1379 1314 c
1402 1273 1429 1330 >.

690 1338 747 1380 Ita
780 1338 927 1378 interim
948 1338 1139 1377 minorum
1161 1341 1324 1390 partium
1344 1370 1356 1389 ‚
1375 1350 1466 1386 quae
1488 1337 1634 1377 iunctae
1663 1339 1826 1378 maiores

539 1402 770 1456 compositas
802 1401 1057 1449 constituunt,
1108 1401 1299 1440 elementa
1351 1400 1474 1451 prima
1525 1400 1730 1438 cohaerent
1781 1402 1821 1440 in

539 1466 661 1508 fluidis
712 1477 856 1518 aeque,
889 1477 931 1504 ac
964 1465 1002 1502 in
1040 1462 1191 1513 firmis,
1253 1472 1296 1502 vt
1337 1463 1380 1500 ad
1423 1472 1567 1501 certum
1605 1462 1816 1503 distantiam

537 1530 740 1580 recedere,
775 1539 814 1568 et
862 1528 906 1567 ad
942 1525 976 1566 se
1021 1526 1182 1566 inuicem
1215 1526 1393 1565 accedere
1445 1525 1578 1564 iterum
1605 1557 1615 1575 ,
1649 1526 1816 1566 valeant.

538 1593 607 1639 Est
641 1593 732 1633 haec
765 1593 800 1632 in
831 1591 944 1631 variis
975 1590 1146 1630 conditio
1196 1588 1330 1629 diuersa
1353 1621 1362 1638 ,
1411 1597 1455 1627 vt
1508 1596 1612 1640 patet
1657 1600 1820 1641 compa-

537 1658 634 1698 ranti
668 1660 705 1697 in
735 1655 848 1696 oculo
878 1653 1080 1707 expansam
1116 1654 1218 1692 nerui
1251 1652 1369 1705 optici
1404 1650 1638 1690 substantiam
1670 1651 1816 1691 medul.

536 1721 654 1761 larem
678 1755 688 1773 ,
723 1720 918 1773 pulpos-,im
955 1729 1097 1768 nempe
1132 1717 1317 1765 retinam,
1361 1727 1448 1754 cum
1501 1724 1626 1753 nortae
1680 1714 1816 1767 initio,

535 1787 596 1825 vbi
630 1787 741 1824 corde
761 1777 949 1837 egreditur
969 1815 979 1831 ,
997 1782 1098 1821 cuius
1119 1790 1250 1819 tamen
1271 1779 1328 1819 illi
1350 1812 1358 1829 ‚
1389 1779 1491 1818 sicuti
1526 1777 1653 1829 reliqui
1678 1779 1778 1817 nerui
1801 1809 1811 1828 ,

536 1849 773 1888 continuatio
805 1847 856 1887 cst
889 1857 926 1886 ct
959 1845 1052 1884 finis.
1120 1843 1187 1884 Est
1221 1843 1353 1883 cadem
1386 1854 1442 1881 res
1473 1842 1509 1880 in
1562 1840 1685 1880 fluidis
1735 1843 1812 1881 eui·

534 1912 626 1951 dens
659 1925 711 1952 ex
747 1911 994 1966 speculatione
1028 1907 1210 1960 fiinguinis
1233 1939 1242 1956 ,
1293 1908 1355 1959 qui
1398 1907 1433 1944 in
1486 1905 1668 1945 maximis
1719 1904 1813 1946 vafis

534 1985 571 2013 ct
603 1978 716 2016 corde
753 1974 1022 2028 permiscetur,
1056 1981 1166 2022 atque
1198 1969 1523 2023 contempl-„itione
1553 1966 1668 2006 laticis
1696 1967 1808 2020 illius,

529 2040 621 2092 qui,
655 2052 703 2080 ex
739 2053 785 2078 co
817 2037 968 2078 secretus
1001 2034 1258 2087 tenuissimus,
1291 2033 1337 2073 de
1371 2044 1531 2086 corpore
1565 2030 1724 2070 exhalat.

1683 2093 1808 2133 Prima

573 2246 627 2297 (c)
654 2246 851 2295 Hippocrates
878 2245 916 2278 de
942 2244 1091 2276 alimento.
