2013 2703
267 159 353 206 ET
387 159 515 206 OVA
547 158 765 207 AVWM
794 158 1285 206 CONCERNENT.
1339 174 1431 218 417

258 282 357 324 Auis
388 293 508 324 corno
539 272 619 324 uon
652 283 778 324 maior
797 316 807 334 ,
839 282 1008 336 adeoque
1043 293 1158 322 ouum
1193 293 1266 335 pro
1284 283 1435 337 magni-

142 347 273 392 tudine
306 350 384 388 auis
416 349 672 401 maximum3
722 348 855 388 nidum
889 347 1034 387 nullum
1081 347 1214 399 struit,
1265 347 1327 388 led
1357 359 1435 389 oua

144 413 361 468 praeruptis
392 413 501 453 nudis
541 411 758 454 extantibus
809 412 930 463 fixxis,
980 413 1050 451 vix
1105 412 1277 464 palmum
1329 413 1436 466 fiiepe

143 477 224 519 latis
244 510 253 528 ,
290 478 491 530 imponit,
526 490 594 518 nec
627 489 668 515 ea
688 503 698 523 ,
731 477 884 518 auolans
917 488 955 515 et
989 476 1166 516 aduolans
1186 508 1196 527 ,
1229 476 1331 529 quod
1350 488 1436 517 ma-

144 542 254 585 xime
289 543 431 584 mitum
455 573 466 592 ,
501 541 692 595 erupibus
725 541 762 579 in
784 552 889 579 mare
928 540 1055 578 dejicit
1075 573 1085 590 ,
1121 541 1206 578 imo
1239 552 1326 580 cum
1347 554 1438 593 per·

146 608 217 648 tica
252 606 344 646 loco
377 617 537 646 mouere
571 614 760 645 tentarem
783 637 793 655 ,
827 603 897 644 vix
932 602 1113 653 obtinui,
1146 603 1198 642 ob
1225 604 1266 644 id
1290 632 1302 654 ‚
1335 604 1439 657 quod

145 682 312 711 ouorum
347 671 484 711 vertici
516 681 693 711 connexo
725 669 1019 722 respondentem
1061 679 1272 709 coucauum
1324 681 1441 721 quae-

145 744 229 776 mnt
262 734 430 787 lapidem
453 767 463 785 ,
499 735 537 773 in
563 746 640 787 quo
659 766 671 785 ,
701 732 818 773 veluti
840 735 876 772 iu
905 731 1012 772 theca
1033 765 1044 784 ‚
1077 733 1272 773 recondita
1298 732 1437 773 iacent.

145 798 229 839 Oua
266 797 372 851 liiepe
422 810 490 850 per
538 799 672 839 horam
725 798 970 851 relinquunt,
1022 797 1059 837 in
1095 799 1189 837 mari
1233 807 1406 837 natantes
1427 827 1440 848 ,

144 874 184 903 et
218 861 366 902 vidium
408 872 640 914 quaerentes.
722 861 810 902 Oua
862 874 932 916 per
981 862 1208 902 varietatem
1260 863 1438 901 colorum

144 937 183 968 et
215 925 522 978 magnitudinem
556 927 596 967 id
630 936 822 981 praeterea
872 927 1011 967 habent
1049 959 1061 978 ,
1113 936 1159 966 vt
1210 924 1440 980 sapidissima

145 991 217 1032 siut
251 990 427 1029 omnium
462 1002 644 1043 quantum
678 992 878 1044 memini3
939 991 1092 1032 vitellus
1123 990 1251 1030 crocei
1283 989 1439 1030 coloris.

146 1054 234 1094 Oua
268 1053 396 1093 inueni
440 1065 458 1093 a
508 1054 583 1094 fine
614 1056 712 1096 Maii
748 1066 865 1105 vsque
899 1054 945 1092 ad
996 1055 1158 1093 vltimos
1204 1054 1288 1093 dies
1319 1052 1439 1103 Iulii,

147 1117 251 1171 quod
302 1117 479 1157 maxime
532 1117 671 1158 mirum
723 1115 822 1157 mihi
871 1115 1031 1156 videtur.
1121 1116 1295 1169 Singulae
1354 1129 1443 1156 aues

146 1180 287 1234 lingula
322 1191 474 1234 ponunt
507 1192 578 1220 oua
618 1196 629 1232 3
665 1180 881 1220 timidiores
914 1191 952 1219 et
1003 1181 1196 1234 paululum
1230 1180 1442 1220 callidiores

145 1246 224 1285 sunt
254 1246 402 1299 reliquis
438 1244 608 1284 marinis.
674 1244 821 1286 Natant
855 1244 958 1297 saepe
1009 1246 1044 1284 in
1099 1247 1194 1285 mari
1245 1244 1440 1284 dormitu-

146 1313 309 1356 rientes‚
363 1318 400 1348 et
433 1308 524 1347 dum
558 1309 744 1361 proxime
778 1309 1014 1348 aduentantis
1043 1310 1206 1360 cymbae
1241 1308 1439 1361 strepitum

145 1373 332 1423 audiunt,
365 1384 405 1412 ac
440 1371 620 1412 homines
655 1374 692 1412 iu
727 1374 946 1426 propinquo
982 1373 1141 1423 vident,
1176 1373 1275 1412 adeo
1302 1373 1443 1412 exhor-

147 1436 290 1476 rescunt
311 1469 323 1485 ,
358 1445 399 1474 vt
429 1448 550 1488 neque
585 1436 822 1488 liibmergere
855 1438 889 1475 le
908 1469 918 1486 ,
955 1449 1077 1490 neque
1099 1437 1247 1477 auolare
1277 1436 1442 1489 pollint,

145 1500 207 1538 led
240 1499 402 1540 iucundo
436 1498 652 1551 speeiaculo
681 1500 799 1539 vndas
834 1500 990 1553 pedibus
1039 1501 1205 1552 radunt,
1255 1512 1299 1540 ac
1347 1501 1443 1542 ridi-

149 1561 232 1601 cule
266 1562 333 1601 ulis
366 1562 563 1601 verberant
593 1594 605 1612 ,
657 1564 807 1604 tandem
850 1567 1006 1619 ancipiti
1058 1564 1207 1606 fortuna
1259 1564 1442 1619 deceptae

152 1624 308 1678 perticis
339 1624 562 1665 occiduntur
594 1639 635 1666 ac
670 1640 757 1667 raro
788 1628 966 1670 euadunt.

299 1686 427 1726 Ouum
464 1690 583 1743 mergi
617 1690 806 1745 tridacstyli
841 1691 965 1748 nigri,
1018 1693 1138 1733 rostro
1180 1692 1320 1747 nigro·⁷
1374 1704 1440 1747 pe·

154 1750 259 1791 dibus
299 1750 426 1790 rubris.

303 1814 438 1855 Ouum
473 1815 550 1856 auis
584 1814 795 1860 Columbae
831 1816 1146 1861 Groeulandicae.

300 1904 319 1912 -
383 1905 400 1912 -
463 1878 551 1919 The
584 1878 797 1924 Grecnlaud
829 1883 949 1925 Dove
983 1898 1028 1924 or
1067 1884 1134 1925 See
1155 1908 1169 1914 -
1191 1885 1290 1924 Turt

301 1964 320 1971 -
387 1966 404 1972 -
469 1943 555 1983 The
590 1944 709 1986 Dove
744 1949 828 1990 Raii
864 1958 902 1989 et
936 1949 1050 1989 Win.
1089 1963 1128 2002 p.
1165 1960 1252 1999 245

244 2008 376 2047 Ouum
398 2007 575 2047 Turturis
604 2008 736 2050 Baffae
762 2045 772 2063 ‚
808 2013 854 2052 ab
888 2013 995 2054 insula

158 2071 324 2122 quadam
352 2069 502 2110 scotiae
526 2102 535 2120 ,
566 2070 670 2112 Barsa
692 2107 702 2124 ,
730 2086 767 2116 et
796 2077 842 2116 ad
861 2026 1041 2181 Insulas}
1067 2090 1116 2118 ex
1154 2087 1285 2119 mente
1319 2079 1406 2120 Raii

163 2135 308 2176 fan—os
330 2135 393 2174 tlte
415 2134 578 2174 Puffinet
612 2136 701 2176 disti
763 2161 780 2170 ·
846 2166 860 2172 -
928 2163 945 2171 -
977 2164 993 2171 -

226 2199 350 2241 Toni.
384 2198 454 2239 IV.
492 2198 598 2241 Nou.
635 2198 753 2243 Com.
891 2201 1014 2259 Ggg
1303 2205 1433 2246 Ouum
