2013 2703
556 185 647 226 430
851 160 1544 212 OBSERVATIONES

565 298 746 328 annorum
781 279 1046 328 obstruemus,
1080 279 1302 333 incipiemus
1334 277 1380 318 ab
1412 289 1513 318 anno
1552 289 1670 328 1744
1710 286 1748 317 et
1790 275 1838 318 ad

565 350 750 402 sequentes
772 376 782 395 ‚
820 356 934 397 vsque
963 343 1008 382 ad
1028 355 1179 396 tempus
1215 342 1381 395 praesens
1408 343 1665 394 procedemus.
1703 341 1842 381 factae

564 414 641 451 sunt
675 409 743 448 hae
779 406 1053 447 obseruationes
1070 410 1207 446 eodem
1228 405 1302 445 fere
1323 405 1444 444 modo
1464 437 1473 453 ,
1505 418 1581 458 quo
1602 404 1683 444 illac
1706 435 1717 454 .,
1748 415 1840 457 quac

565 476 640 514 iam
678 475 713 512 in
735 470 1038 512 Commentariis
1068 470 1230 521 exstant,
1267 467 1401 507 scilicet
1420 468 1465 507 ad
1486 467 1749 508 baronietricas
1777 467 1846 505 ob-

564 539 788 578 seruationes
820 535 920 586 quod
956 534 1118 582 attinet,
1151 542 1302 571 notatae
1331 532 1407 571 sunt
1425 531 1636 571 altitudines
1657 530 1846 570 maximae

566 611 603 640 ct
658 600 843 640 minimae
895 596 1070 637 mercurii
1123 595 1161 634 in
1215 595 1308 634 tubo
1357 595 1610 635 torricellmno
1660 593 1847 633 cuiuslibet

569 664 704 704 menfis
737 675 803 715 per
837 672 962 701 totum
998 672 1139 699 annum
1175 671 1262 698 cum
1299 658 1527 698 differentiis.
1596 658 1762 699 Numeri
1782 667 1845 696 an·

567 737 606 768 te
645 727 826 777 punctum
867 723 1021 777 pollices
1064 723 1167 775 pedis
1211 722 1300 773 regii
1344 722 1490 761 Puriliui
1535 722 1595 761 hic
1634 722 1846 770 denotant,

569 790 717 830 numeri
749 798 874 829 autem
910 786 991 840 post
1026 785 1208 838 punftum
1231 817 1240 835 ‚
1276 795 1399 837 partes
1431 785 1650 824 centesimas
1682 783 1848 824 eiusdem

567 853 732 906 pollicis.
766 851 1057 892 Obseruationes
1075 858 1203 888 autem
1227 880 1236 898 ,
1271 861 1363 900 quie
1396 849 1431 886 in
1453 845 1749 886 Commentariis
1771 847 1847 885 iam

567 915 647 956 sunt
682 915 885 967 publicatae
908 946 917 964 ,
951 913 1149 952 secundum
1195 911 1330 963 pedem
1373 909 1653 950 Londincnsem
1703 909 1851 960 eiusque

568 979 724 1032 pollices
743 988 781 1017 et
801 977 936 1016 horum
957 985 1081 1027 partes
1100 975 1318 1014 centesimas
1338 973 1523 1013 const-Rus
1540 972 1696 1012 constat.
1725 970 1852 1011 Simili

572 1042 694 1082 modo
752 1052 899 1092 quoque
959 1037 1127 1089 quolibet
1181 1037 1308 1076 meust:
1341 1038 1452 1075 totius
1483 1037 1568 1075 ιιιιιιί
1619 1034 1854 1074 enotauimus

572 1104 793 1144 maximum
831 1112 868 1140 et
902 1100 1115 1139 minimum
1136 1099 1269 1138 caloris
1288 1100 1443 1152 gradum
1466 1099 1659 1140 secundum
1681 1097 1849 1138 thermo-

574 1177 742 1206 metrum
780 1162 1024 1204 Delisliauum
1045 1194 1055 1213 ,
1092 1163 1187 1211 vbi,
1224 1163 1323 1215 quod
1360 1162 1440 1202 lixtis
1469 1165 1543 1202 iam
1573 1162 1717 1201 constat
1739 1193 1748 1211 ,
1781 1172 1856 1211 cy·

573 1229 668 1283 phra
699 1229 855 1282 gradum
891 1227 1023 1266 caloris
1056 1238 1171 1277 aquae
1217 1226 1424 1266 ebullientis
1460 1259 1470 1278 ,
1505 1238 1684 1266 numerus
1728 1234 1854 1264 autem

581 1304 665 1341 150
702 1293 854 1344 gradum
892 1302 1007 1342 aquae
1036 1290 1072 1328 in
1091 1289 1251 1341 glaciem
1273 1290 1440 1329 abeuntis
1458 1322 1468 1340 ,
1502 1290 1574 1329 siue
1593 1289 1692 1343 quod
1714 1289 1853 1327 eodem

576 1357 701 1407 redit,
736 1355 830 1393 niuis
867 1353 926 1391 vel
961 1352 1121 1404 glaciei,
1153 1365 1246 1405 quae
1276 1353 1404 1404 incipit
1433 1352 1616 1403 regelari,
1652 1351 1713 1390 vel
1740 1360 1852 1400 aqime

574 1419 637 1460 sub
668 1418 785 1470 glacie
808 1449 817 1467 ‚
852 1415 952 1454 idem
987 1415 1089 1453 euim
1126 1414 1272 1466 semper
1314 1413 1627 1452 constantissimus
1666 1411 1798 1464 gradus
1831 1423 1852 1449 a

579 1482 688 1522 nobis
722 1480 774 1519 est
808 1479 1028 1517 obseruatus.
1096 1476 1223 1530 Qui-1,
1260 1476 1358 1527 quod
1395 1478 1469 1514 iam
1504 1477 1751 1523 monuimus,
1782 1473 1854 1511 ob-

578 1545 802 1585 seruationes
833 1542 878 1580 ab
912 1552 1013 1579 anno
1049 1550 1096 1577 1
1083 1554 1162 1588 44
1196 1538 1240 1577 ad
1284 1537 1402 1576 finem
1464 1547 1575 1583 1750
1631 1539 1665 1574 in
1715 1534 1858 1587 specul-‚1

580 1607 828 1648 astronomica
847 1603 963 1643 fietne
983 1602 1089 1653 sunt,
1123 1601 1329 1641 notandum
1350 1600 1430 1646 est
1466 1612 1550 1638 enm
1579 1599 1681 1651 supi-a
1703 1611 1726 1650 p
1731 1598 1857 1637 auum

582 1671 694 1714 maris
728 1667 866 1708 Biltici
918 1678 966 1715 51
1023 1667 1139 1718 pedes
1188 1663 1362 1717 parisinos
1408 1662 1508 1702 fuisse
1557 1662 1743 1702 euecstam.
1797 1661 1859 1702 En

585 1733 680 1788 ips-,is
713 1729 986 1772 obseruationes
1018 1730 1104 1768 anni
1145 1738 1274 1778 1744.

587 1807 688 1848 Anni
726 1803 774 1844 M
787 1799 859 1841 DC
863 1800 945 1842 CX
953 1799 1008 1840 LI
1013 1800 1062 1839 V
1088 1799 1157 1849 stili
1176 1801 1255 1839 noui
1282 1794 1367 1847 Obsi
1366 1800 1534 1839 ruatim
1529 1811 1559 1840 s
1578 1798 1858 1839 barw'm'miaae.

587 1863 709 1902 Menfis.
786 1860 872 1897 Dies.
1000 1858 1184 1894 Altitudo
1234 1858 1447 1891 barometri
1676 1856 1859 1890 Differentia

1012 1920 1141 1942 maxima
1289 1919 1317 1939 m
1327 1910 1414 1942 mima

587 1965 736 2007 Ianuar.
808 1977 862 2012 14
927 1983 947 1992 -
1015 1968 1086 2003 28.
1130 1962 1182 2009 56
1215 1983 1231 1990 —
1267 1971 1336 2007 27.
1380 1973 1432 2009 27
1500 1959 1577 2002 Die
1615 1971 1634 2008 5
1677 1982 1692 1990 -
1728 1971 1766 1995 1.
1805 1969 1860 2004 29

589 2030 765 2071 Februat.
841 2033 862 2067 8
932 2047 951 2054 -
1021 2029 1089 2063 28.
1130 2032 1185 2072 89
1221 2047 1233 2054 -
1276 2036 1345 2072 27.
1388 2037 1440 2074 57
1525 2047 1546 2055 -
1583 2027 1637 2061 26
1672 2045 1691 2052 -
1730 2035 1767 2062 1.
1805 2031 1858 2067 :32

590 2092 722 2136 Martii
819 2093 876 2127 26
942 2112 960 2119 -
1030 2095 1097 2129 23.
1136 2100 1189 2135 3³
1223 2109 1243 2115 -
1284 2091 1351 2127 26.
1391 2101 1445 2136 90
1529 2109 1547 2117 —
1587 2100 1637 2126 12
1673 2110 1692 2118 -
1729 2097 1766 2122 1.
1801 2094 1860 2131 40

592 2156 735 2212 Aprilis
816 2163 871 2191 22
935 2174 956 2183 -
1023 2161 1094 2196 ss.
1138 2164 1189 2193 10
1223 2175 1244 2185 -
1283 2163 1352 2201 27.
1390 2164 1444 2192 20
1529 2173 1541 2181 ·
1584 2163 1641 2201 ¹4
1673 2170 1688 2180 -
1725 2161 1765 2188 ι.
1805 2158 1861 2192 9³

1767 2207 1866 2250 maii
