2013 2703
582 174 670 217 ³⁵0
715 164 802 206 DE
833 153 1276 206 COHAESIONE
1307 150 1718 200 SOLIDORVM

580 281 712 322 seusun
747 280 871 319 minor
906 275 949 314 fit
978 307 988 325 ‚
1039 282 1078 313 et
1110 272 1262 313 tandem
1303 272 1473 317 extincta
1507 276 1676 327 quiescit.
1745 273 1852 315 Tum

581 355 664 397 pars
697 339 887 380 combusta
921 336 1100 387 albescit,
1138 337 1315 389 quodque
1350 336 1508 388 superest
1559 339 1676 378 adbuc
1709 337 1757 377 de
1795 339 1852 376 ni-

578 417 652 458 gro
671 436 680 451 ,
716 403 893 442 scintillae
923 399 1168 440 corruscantes
1186 432 1196 450 ‚
1229 399 1431 439 lambendo
1451 398 1610 450 famlias,
1643 410 1680 440 et
1699 401 1856 440 circum-

580 466 808 506 ambulando
840 463 1059 504 consumunt
1080 496 1089 514 ,
1122 464 1211 502 dum
1246 463 1304 503 ina
1335 462 1527 515 pristinam
1562 462 1727 502 formam
1766 464 1855 502 reti-

579 540 643 570 net
677 538 713 568 et
747 528 906 581 figuram
946 560 956 579 ,
1007 527 1053 566 ad
1085 527 1289 565 minimum
1325 536 1452 566 tamen
1485 527 1670 566 attactum
1703 523 1861 577 collapsa

581 594 619 633 in
654 593 796 632 cineres
830 592 964 640 albos,
1006 591 1185 629 inodoros
1212 621 1222 637 ,
1259 592 1331 628 {ere
1366 590 1542 642 insipidos
1576 622 1586 640 ,
1621 589 1683 643 qui
1727 587 1859 638 salini,

579 655 731 709 aquosi,
768 655 826 694 vel
863 653 1007 703 (ficosi,
1046 651 1139 691 nihil
1173 652 1386 700 exhibent,
1422 654 1472 692 ast
1503 653 1614 693 calcis
1655 651 1753 705 quasi
1793 662 1860 690 ex-

580 721 676 760 ustae
710 718 937 758 leuiffimum
972 716 1142 769 saporem
1183 717 1408 767 imprimunt
1442 729 1558 770 aquae
1595 715 1735 756 incocti
1756 745 1766 764 ,
1802 723 1864 753 at-

580 796 653 837 que
679 783 848 822 exsiccati
876 791 1014 820 terram
1043 778 1281 831 suppeditant
1311 780 1498 832 virginem
1519 813 1530 831 ,
1563 780 1638 819 iam
1669 780 1772 832 (upra
1793 788 1862 817 no-

582 855 699 886 tatam
735 847 771 884 in
805 846 984 884 omuibus
1017 843 1192 881 candem.
1260 842 1399 882 Fumus
1430 843 1583 882 interim
1618 852 1657 881 et
1688 842 1861 890 flamma,

581 909 673 949 dum
712 908 757 947 de
790 920 952 960 corpore
985 906 1198 945 combustili
1230 905 1411 945 exhalant
1432 937 1442 954 ‚
1476 905 1596 945 secum
1633 907 1778 958 rapiunt
1806 916 1860 944 ae-

580 985 652 1026 que
685 971 882 1011 materiam
919 970 1125 1009 terrestrem
1162 969 1258 1020 iguis
1288 969 1438 1008 actione
1474 978 1600 1021 aperta
1632 969 1669 1007 in
1703 970 1788 1007 ae're
1821 967 1861 1006 li-

581 1037 675 1076 bero
713 1034 908 1073 volatilem
946 1033 1084 1071 factam
1105 1063 1116 1081 ,
1148 1043 1260 1082 quam
1298 1030 1465 1082 spiritum
1488 1061 1499 1078 ‚
1534 1044 1670 1083 aquam
1693 1063 1703 1081 ,
1734 1031 1862 1071 oleum

581 1107 620 1138 et
655 1096 715 1136 flul.
779 1095 911 1135 Docet
946 1095 983 1134 id
1018 1094 1175 1145 fuliginis
1206 1092 1453 1148 analy.is(a).
1500 1092 1764 1135 Blandiffimos
1807 1094 1864 1133 in—

581 1161 695 1201 terim
731 1157 1034 1211 oleoso-aquosos
1066 1158 1103 1195 in
1138 1168 1302 1208 corpure
1338 1158 1491 1197 animali
1526 1157 1709 1197 humores
1730 1190 1740 1208 ‚
1774 1168 1865 1197 mo-

581 1232 622 1264 tu
657 1232 692 1262 et
725 1223 848 1262 calore
882 1223 930 1261 ita
963 1219 1276 1268 condensandos,
1315 1221 1542 1275 tandemque
1577 1223 1612 1260 in
1648 1221 1760 1261 solida
1781 1232 1863 1261 mu-

582 1285 743 1337 tabiles,
777 1285 915 1324 horum
946 1283 1224 1335 contemplatio
1259 1284 1372 1324 docet
1414 1317 1424 1334 ,
1475 1295 1511 1324 et
1544 1284 1864 1325 euidentissmmm

582 1350 635 1390 est
668 1362 718 1389 ex
743 1347 1040 1388 consideratione
1062 1344 1186 1385 Laetis
1205 1378 1215 1396 ,
1246 1347 1345 1399 quod
1378 1347 1414 1385 in
1448 1345 1482 1385 se
1515 1346 1627 1386 habet
1661 1348 1864 1385 materiem

582 1413 759 1452 omnium
795 1411 957 1463 partium
993 1409 1189 1449 firmarum
1225 1418 1263 1447 ct
1296 1408 1491 1447 fluidarum
1532 1440 1542 1458 ‚
1592 1421 1684 1461 quae
1726 1420 1864 1460 corpus

583 1475 792 1516 humanum
815 1505 825 1523 ,
861 1472 1050 1513 successiue
1083 1471 1129 1510 ab
1160 1480 1242 1509 ortu
1275 1471 1320 1510 ad
1358 1471 1550 1510 interitum
1572 1503 1582 1520 ‚
1614 1471 1864 1524 coustituuut3

583 1539 681 1579 adeo
700 1537 854 1591 quidem
875 1569 884 1586 ‚
919 1545 961 1575 vt
993 1548 1040 1574 eo
1069 1533 1250 1574 nutriatur
1279 1546 1354 1572 uon
1379 1534 1500 1573 modo
1528 1533 1652 1573 Infans
1674 1565 1684 1583 ,
1719 1534 1777 1573 sed
1804 1534 1865 1572 in-

584 1601 722 1643 crescat
755 1610 793 1640 et
823 1599 1036 1640 sustineatur
1068 1609 1186 1637 omne
1217 1597 1358 1636 animal
1389 1596 1712 1650 galactophorum
1743 1627 1754 1647 ‚
1796 1608 1864 1649 pet

1771 1672 1862 1712 pro-

586 1749 1611 1765 -————-—-——--—-—-——-—-——-—-
1623 1747 1857 1759 ——

634 1781 692 1830 (a)
720 1780 767 1817 H.
796 1779 977 1814 ssoerhaave
1007 1777 1105 1812 Elem.
1139 1776 1250 1811 Chem.
1282 1775 1360 1810 Part.
1391 1788 1422 1811 2.
1454 1775 1575 1812 Process-
1607 1788 1773 1810 zxxxvm.
1797 1775 1862 1809 Sed

586 1832 692 1866 cadem
711 1856 721 1873 ,
763 1843 839 1877 quae
868 1842 942 1864 mox
971 1830 1075 1862 notaui
1103 1827 1142 1860 de
1169 1837 1246 1860 term
1273 1828 1301 1859 in
1333 1826 1514 1860 humoribus
1541 1826 1712 1859 animalium
1742 1829 1803 1868 post
1819 1838 1863 1859 re-

588 1884 696 1928 petitas
721 1880 937 1915 destinationes
962 1876 1234 1924 deprehendenda,
1251 1876 1294 1909 hic
1322 1879 1416 1909 ctiam
1446 1877 1549 1910 locum
1566 1876 1687 1910 habent.
1717 1873 1861 1910 Flamma

587 1934 727 1969 etenim,
753 1929 827 1962 dum
853 1928 1006 1963 adscendit
1024 1955 1034 1970 ,
1059 1937 1092 1959 et
1118 1925 1236 1960 Fumm
1274 1926 1350 1960 dum
1378 1928 1531 1961 aterrimus
1572 1925 1706 1959 voluizur
1750 1925 1787 1959 ad
1815 1928 1863 1960 su-

588 1992 724 2026 premum
753 1979 823 2011 elati
851 1980 954 2012 camini
979 1987 1142 2011 cacumen.
1184 1976 1318 2009 muitum
1347 1977 1483 2010 inuoluit
1514 1975 1552 2008 de
1590 1975 1715 2022 puluere
1746 1982 1862 2017 aereo,

589 2030 672 2063 illum
729 2030 881 2062 transiens.
946 2026 1094 2073 Dumque
1121 2023 1237 2072 Fuiigo
1280 2026 1414 2072 affigitur
1472 2024 1608 2059 lateribus
1652 2028 1786 2066 camini,
1819 2037 1862 2058 ra-

589 2081 633 2126 pit
658 2078 829 2111 floccuienta
854 2089 894 2111 ex
923 2083 1009 2111 ae're.
1047 2087 1078 2108 et
1108 2074 1241 2113 summer,
1270 2076 1375 2110 iisdem
1401 2076 1508 2116 affixa,
1541 2074 1697 2121 partimus
1718 2076 1864 2109 oerttstrec

590 2128 747 2166 volitantes
763 2156 774 2174 ,
801 2139 817 2161 a
841 2126 948 2175 quibus
977 2137 1047 2162 ante
1076 2124 1309 2163 destillationem
1336 2137 1402 2162 non
1429 2127 1508 2173 prius
1530 2124 1699 2173 deputatur.
