2013 2703
531 152 619 191 390
874 136 1449 185 RVPICAPRA

528 267 638 310 erat,
690 266 734 299 vt
767 258 978 311 plurimum
1014 255 1237 308 ruffescens‚
1289 257 1379 298 hinc
1427 257 1511 298 inde
1563 258 1803 304 cinerafcens.'

529 321 684 361 Vestem
721 322 899 360 nimirum
932 319 1109 360 aestiuum
1145 322 1302 360 demum
1338 331 1485 362 mutare
1514 323 1668 377 incepit.
1701 329 1803 368 Alias

527 385 636 424 color
667 383 734 435 ipsr
767 395 856 423 cum
891 383 1058 424 masculo
1092 385 1312 424 communis
1344 385 1408 425 est.

678 443 789 486 Circa
822 446 1270 501 Vst-Kamenogorense
1299 447 1519 497 fortalitium
1540 450 1575 489 in
1594 448 1749 501 Sibiria,
1765 460 1802 491 et

527 517 680 551 montes
700 541 710 560 ‚
729 514 790 563 qui
808 511 888 550 eius
911 511 988 550 loci
1009 512 1205 551 montibus
1223 513 1386 551 connexi
1408 512 1486 552 iiiut
1506 545 1516 564 ,
1536 514 1657 566 magis
1675 523 1804 553 tamen

526 585 591 613 eos
611 606 621 625 ,
649 575 709 626 qui
730 574 776 613 ad
799 571 1052 614 Chalmuccos
1072 583 1229 626 pergunt
1252 605 1264 625 ‚
1299 578 1482 615 versantur
1502 608 1512 627 ‚
1532 577 1724 616 montium
1746 577 1804 615 in-

528 638 661 690 primis
677 637 722 676 ad
743 636 974 678 Buchturma
994 638 1033 678 fl.
1055 636 1213 677 sitorum
1233 639 1518 679 amantissimae.
1547 639 1804 695 Quadraginta

526 700 646 740 leucas
664 700 755 741 infra
776 700 869 741 Vst-
885 700 1063 758 Ka-meuO
1080 700 1237 753 gorense
1258 701 1481 742 fortalitium
1505 704 1543 741 in
1562 704 1690 742 littore
1718 702 1806 742 lrtis

526 763 704 805 orientali
729 796 738 816 ‚
773 764 873 817 quod
908 764 1064 805 Krasnoi
1083 787 1102 793 -
1122 764 1183 804 Iar
1201 774 1343 804 vocant
1363 797 1373 816 ,
1408 776 1505 805 terra
1526 766 1604 805 1311121
1623 766 1675 806 est
1696 780 1707 818 3
1745 765 1805 805 Eo

525 824 730 880 saepiffime
763 837 805 868 et
843 828 1014 868 lubenter
1064 829 1255 881 migrant,
1304 828 1380 868 salis
1431 828 1622 869 lambendi
1675 829 1804 868 cauffi.

526 887 639 930 Cursu
673 890 751 931 suut
794 891 1041 931 velocissimo.
1096 892 1227 931 Vistus
1259 902 1279 929 c
1309 892 1548 943 graminibus.
1605 891 1805 931 Autumno

522 964 688 1003 coeunt,
742 967 829 994 vere
866 956 1054 1007 pariunt,
1106 953 1253 994 foetum
1303 966 1422 994 vnum
1446 985 1458 1006 ,
1510 954 1732 1007 quandoque
1766 963 1805 993 et

524 1017 707 1070 gemellos
727 1050 737 1068 ,
769 1018 921 1057 edentes

670 1081 764 1120 Erat
795 1093 842 1120 eo
875 1089 1052 1134 tempore
1073 1113 1084 1131 ,
1118 1093 1205 1121 cum
1240 1082 1276 1121 in
1294 1081 1476 1123 {brtalitio
1504 1081 1803 1124 Vst-Kameno-

520 1144 665 1198 gorensi
700 1143 856 1184 versarer
875 1177 886 1196 ,
923 1145 1104 1185 musculus
1137 1146 1278 1184 ibidem
1316 1146 1473 1186 bimulus
1503 1148 1608 1187 huius
1634 1149 1806 1187 animan-

522 1210 618 1248 tium
652 1209 830 1261 generis,
863 1209 926 1261 qui
963 1209 1102 1248 morbo
1136 1209 1196 1247 diu
1239 1209 1505 1262 conflictatus,
1556 1212 1676 1251 vitam
1729 1210 1810 1250 mi·

521 1271 716 1311 serrimam
751 1272 838 1322 egit.
910 1272 1022 1312 Hunc
1056 1284 1075 1310 a
1111 1270 1416 1312 Locumteuente
1452 1305 1463 1325 ‚
1513 1275 1575 1326 qui
1627 1274 1806 1313 fortalitio

524 1334 674 1388 praeest
695 1367 704 1385 ,
738 1335 781 1373 ad
816 1334 1019 1374 fertionem
1055 1335 1150 1386 petii
1191 1344 1229 1373 et
1270 1336 1432 1375 obtinui.
1482 1336 1614 1375 Parum
1646 1335 1801 1387 quidem

525 1411 590 1438 mc
625 1398 687 1437 issa
722 1396 885 1437 (mione
935 1395 1133 1449 profeciffe
1185 1397 1371 1449 profiteor
1409 1426 1422 1446 ,
1479 1400 1562 1449 quia
1618 1399 1804 1450 temporis

525 1462 621 1500 ratio
651 1491 661 1510 ‚
713 1473 827 1512 quam
883 1460 1120 1513 propolitum
1176 1461 1285 1498 nobis
1334 1460 1405 1498 iter
1456 1459 1594 1500 habere
1632 1461 1803 1509 iubebat,

525 1524 654 1564 effecit
674 1555 684 1574 ,
721 1533 762 1562 η
796 1523 1007 1563 festinanter
1027 1523 1235 1563 admodum
1265 1522 1515 1562 administrari
1536 1524 1716 1562 debuerit.
1751 1522 1806 1560 Vt

525 1590 574 1628 de
607 1588 687 1626 vita
722 1587 895 1626 animulis
931 1586 1048 1626 adhuc
1084 1585 1346 1639 proficerem,
1399 1587 1436 1624 in
1472 1598 1608 1625 venam
1662 1585 1807 1638 iugula—

528 1664 608 1691 1cm
643 1662 842 1690 externam
878 1651 1046 1702 amplam
1081 1649 1302 1689 incisionem
1339 1648 1406 1688 feci
1427 1681 1436 1698 ,
1471 1659 1578 1702 atque
1615 1649 1652 1688 in
1687 1649 1804 1702 ipmm

526 1715 873 1755 Thermometrum
910 1713 1050 1753 immisi
1073 1745 1082 1763 ,
1103 1714 1137 1752 iu
1157 1725 1232 1764 quo
1251 1712 1334 1751 [Eitis
1351 1713 1410 1751 diu
1438 1713 1483 1750 ibi
1506 1724 1654 1753 retento
1674 1745 1684 1764 ,
1703 1725 1806 1751 mer-

527 1779 647 1819 curius
667 1779 710 1818 nd
735 1785 788 1819 80
812 1779 968 1831 gradum
990 1778 1120 1817 caloris
1138 1777 1302 1817 Therm.
1333 1774 1528 1815 Delisiinni
1549 1777 1709 1816 eleuntus
1727 1775 1806 1817 suit.

675 1842 720 1882 ln
753 1843 999 1895 deieriptiuue
1032 1852 1272 1880 externarum
1296 1841 1458 1891 partium
1482 1839 1573 1879 uihil
1594 1840 1645 1879 est
1668 1871 1678 1889 ‚
1705 1840 1806 1891 quod

530 1919 691 1957 morer,
725 1919 813 1945 cum
851 1907 926 1945 ium
962 1905 1175 1956 descripto,
1212 1904 1275 1942 nisi
1311 1906 1524 1955 paruitate,
1567 1905 1603 1942 in
1634 1904 1808 1942 omnibus

530 1970 767 2024 respondent.
803 1968 987 2008 Distantie.
1011 1969 1105 2007 iuter
1126 1979 1264 2019 penem
1283 1977 1318 2005 ct
1340 1967 1523 2007 testiculos
1543 1977 1567 2013 7
1599 1967 1691 2020 poll.
1711 1976 1803 2005 crat.

683 2032 918 2071 Ventriculus
951 2042 1071 2071 totum
1108 2031 1183 2070 sere
1234 2033 1433 2071 ciuitatem
1489 2030 1702 2070 abdominis
1738 2041 1805 2068 oc-

529 2107 655 2151 cupat.
723 2095 760 2136 E
798 2106 957 2147 quatuor
1011 2107 1105 2134 vero
1155 2095 1294 2135 constat
1349 2093 1592 2146 ventriculis,
1643 2103 1802 2147 qum-um

1674 2166 1804 2198 maxi-
