2013 2703
291 181 404 247 QVI
433 186 586 231 SVNT
617 185 865 231 AGGREG.
900 183 1075 228 DVOR.
1105 182 1318 244 QVADR.
1418 200 1474 238 19

166 317 436 371 quadratorum
488 317 588 358 iuter
631 319 666 357 sc
708 317 928 370 primorum
971 316 1208 361 cc-4-dd
1239 328 1316 356 non
1349 317 1474 358 maior

167 395 280 436 qurm
336 387 435 436 gpp
473 415 483 435 ,
535 394 628 436 quac
680 381 768 421 cffizt
804 380 994 422 diuifibilis
1045 392 1114 433 per
1143 389 1183 436 p.
1249 379 1309 420 Slt
1359 382 1474 434 igitur

166 459 224 486 cc
246 455 303 490 —4-
329 447 356 486 d
373 447 400 486 d
419 460 469 485 z
484 454 513 500 p
532 459 556 501 q
595 479 605 497 ,
656 456 693 486 ct
741 459 831 485 cum
879 454 905 500 p
946 456 1023 484 non
1058 444 1102 484 fit
1135 445 1282 486 lumma
1313 445 1475 486 duorum

167 511 468 564 quadratorum,
505 511 566 550 vel
601 511 677 563 ipsc
711 522 889 550 numerus
922 521 947 562 q
980 520 1056 548 nou
1084 509 1153 548 erit
1172 509 1360 550 eiusmodi
1380 509 1476 549 sum-

168 588 233 615 ma
254 605 263 621 ‚
301 575 360 613 rcl
396 573 524 614 [altem
560 575 744 614 farftorcm
776 572 930 612 habebit
964 584 1014 622 r,
1049 573 1113 626 qui
1148 584 1227 611 non
1262 573 1336 612 crit
1378 573 1476 613 sum-

170 651 234 678 ma
266 638 427 678 duorum
465 638 744 690 quadratorum.
813 636 912 691 Quia
946 647 1042 675 vero
1072 643 1098 689 p
1117 647 1142 690 q
1165 637 1208 686 <
1234 636 1246 682 ζ
1259 644 1289 690 p
1302 646 1332 691 p
1353 670 1363 687 ,
1404 638 1476 676 crit

167 714 193 757 q
216 704 257 752 <
283 709 337 756 gp
373 711 411 740 ct
446 700 569 741 multo
604 703 724 754 magis
757 702 833 751 r<
858 707 928 754 ἕρ.
997 698 1126 754 Quare
1160 712 1249 740 cum
1285 700 1482 747 ced-dd

164 778 316 819 quoque
348 765 536 806 diuisrbilis
569 766 608 805 sut
640 779 708 819 per
740 779 762 807 r
786 767 827 816 <
852 774 863 812 3
877 773 940 819 p‘,
976 777 1044 816 per
1072 772 1179 819 prop.
1210 773 1343 819 praec.
1373 767 1478 805 {um-

165 842 228 870 ma
263 831 426 870 duorum
460 829 728 882 quadratorum
763 844 819 870 ee
842 828 985 884 -†—Jf
1010 842 1080 881 per
1122 830 1287 868 cundem
1339 842 1476 869 nume-

165 907 253 934 rum
305 906 328 935 r
366 893 557 934 diuisrbilis
609 894 782 935 exhiberi
821 896 940 951 poss'ct
978 925 988 944 ,
1031 905 1123 946 quae
1159 905 1238 932 uon
1271 895 1476 934 excedtret

167 965 264 1006 {rr
304 992 314 1011 ,
369 971 493 1012 neque
550 959 674 999 multo
719 961 836 1012 magis
872 963 984 1013 gpp.
1054 957 1106 997 Et
1141 969 1229 997 cum
1263 969 1286 997 r
1319 970 1398 996 non
1434 959 1477 998 srt

168 1022 319 1062 summa
351 1023 513 1062 duorum
547 1025 816 1075 quadratorum
855 1056 865 1075 ‚
918 1022 1031 1062 sunili
1075 1022 1195 1061 modo
1233 1023 1477 1074 procedendo

169 1086 352 1125 confirmo
385 1087 432 1124 ad
467 1087 636 1125 minores
670 1088 834 1126 summas
867 1087 1028 1126 duorum
1064 1088 1330 1139 quadratorum
1366 1087 1476 1126 deue-

171 1150 315 1188 nirctur
351 1181 361 1199 ,
407 1160 498 1201 quae
534 1162 604 1201 per
636 1161 832 1188 numerum
869 1162 945 1187 non
966 1148 1154 1187 summam
1189 1151 1348 1189 duorum
1385 1163 1478 1203 qua-

169 1214 365 1253 dratorum
417 1210 538 1251 css'cut
593 1213 801 1252 diuifibilcs.
887 1213 1078 1267 Quocirca
1111 1224 1201 1251 cum
1235 1215 1272 1251 in
1307 1213 1479 1253 minimis

172 1280 338 1317 numeris
373 1275 469 1315 nulla
499 1276 607 1315 detur
641 1275 786 1315 summa
822 1276 985 1314 duorum
1020 1275 1288 1328 quadratorum
1325 1278 1418 1316 iuter
1444 1277 1478 1317 se

167 1342 385 1394 primorum
412 1372 422 1392 ,
452 1351 547 1393 quae
582 1338 675 1379 effet
708 1339 901 1379 diuisrbr'lis
935 1352 1005 1392 per
1023 1351 1225 1379 numerum
1250 1371 1260 1389 ,
1293 1341 1356 1392 qui
1399 1354 1476 1381 non

168 1404 213 1446 s1t
245 1403 388 1445 summa
420 1404 583 1444 duorum
619 1405 893 1457 quadratorum
912 1436 921 1454 ,
955 1416 1003 1443 nc
1032 1403 1070 1442 in
1104 1403 1289 1443 maximis
1319 1405 1474 1457 quidem

171 1469 340 1510 numeris
392 1469 575 1509 eiusmodi
627 1479 734 1508 eruut
774 1467 1140 1508 fiuumae¹duorum
1174 1468 1440 1520 quadratorum
1465 1502 1475 1520 ,

171 1545 265 1585 quae
299 1532 493 1573 diuifibiles
526 1532 594 1572 fint
629 1545 703 1586 perv
730 1545 910 1572 numeros
946 1563 958 1582 ‚
1011 1532 1072 1586 qui
1127 1532 1193 1583 ipfi
1245 1544 1323 1572 non
1357 1534 1475 1573 esseut

171 1596 338 1638 summae
369 1597 527 1638 duorum
563 1598 842 1652 quadratorum.
883 1597 935 1652 Q.
1001 1596 1046 1637 E.
1117 1594 1173 1637 D.

571 1725 976 1771 COROLL.
1047 1737 1085 1766 1.

310 1822 344 1870 ξ.
384 1836 454 1875 23.
489 1821 529 1865 Si
563 1837 656 1879 ergo
689 1824 834 1865 summa
867 1824 1030 1865 duorum
1069 1821 1338 1876 quadratorum
1378 1822 1475 1862 iuter

175 1883 211 1924 se
242 1885 454 1937 primorum
483 1881 569 1931 'non
605 1889 715 1930 suerit
748 1901 924 1929 numerus
975 1889 1120 1941 primus
1153 1918 1164 1937 ‚
1214 1898 1350 1926 omues
1398 1887 1476 1926 eius

173 1947 334 1988 fflftores
367 1952 481 2003 primi
515 1966 663 2009 quoque
698 1962 807 1994 erunt
825 1951 993 1993 summae
1011 1953 1173 1992 duorum
1194 1952 1476 2004 quadratorum.

175 2011 512 2067 Quemadmodum
547 2020 658 2072 igitur
692 2017 922 2072 productum
957 2029 1007 2057 ex
1040 2025 1285 2069 quotcunque
1313 2015 1477 2056 numeris

174 2078 337 2129 primiS,
381 2079 442 2131 qui
491 2080 560 2133 ipfi
609 2089 688 2122 mut
738 2082 909 2123 summae
957 2082 1120 2121 duorum
1174 2080 1478 2132 quadratorum,

174 2141 316 2192 pariter
375 2142 428 2182 cst
487 2142 630 2185 summa
681 2146 844 2186 duorum
899 2146 1169 2199 quadratorum
1207 2176 1217 2194 ‚
1273 2144 1325 2182 ita
1379 2153 1477 2182 nunc

175 2202 284 2246 huius
320 2207 595 2263 propofitionis
632 2209 808 2250 conuersa
852 2210 905 2250 est
938 2208 1194 2250 demonstrata
1226 2239 1238 2259 ‚
1289 2216 1333 2246 vt
1372 2207 1475 2245 sum-

768 2271 803 2315 C
847 2285 872 2311 2
1406 2279 1473 2307 ma
