2013 2703
353 121 431 164 ιΝ
485 118 850 162 CORPORE
909 119 1293 165 ANIMALI.
1371 133 1461 176 247

175 236 345 280 Xnterim
381 239 501 291 prima
539 238 635 278 haec
668 239 875 279 solidorum
913 239 1099 279 elementa
1120 272 1129 290 ‚
1163 252 1278 294 acque
1312 255 1354 283 ac
1381 242 1464 296 glu-

176 312 242 342 ten
261 331 271 350 ,
307 303 407 355 quod
444 304 502 342 illa
538 304 654 356 iungit
685 304 956 343 intermedium
981 335 990 352 ‚
1012 304 1108 356 ptius
1127 303 1318 345 haeserunt
1347 307 1384 346 iu
1419 308 1468 347 li-

174 367 326 418 quidis,
363 379 450 406 cum
487 366 555 405 illis
587 375 693 406 mota
729 367 876 406 fuerunt
914 400 924 418 ,
976 368 1207 420 tandemque
1246 380 1295 407 ex
1326 370 1465 411 iisdem

176 429 418 469 subtiliffimis
449 430 530 469 sunt
564 429 716 470 secreta.
791 431 836 470 ld
890 431 1129 470 incremento
1188 440 1306 484 patet.
1395 432 1465 474 Ex

176 493 314 543 dac‘tyli
351 493 490 534 semine
525 492 730 533 foecundae
765 504 882 534 terrae
916 494 1118 533 commisso
1153 523 1163 541 ‚
1215 506 1287 547 per
1331 495 1464 537 sensim

175 557 339 596 allabens
374 557 619 609 haustumque
639 556 821 610 pabulum
841 556 1017 605 extenso,
1052 555 1230 608 surculus,
1249 569 1300 597 ex
1318 559 1462 601 surculo

174 621 308 659 anuofii
329 621 547 672 producitur
565 633 730 673 quercus.
769 621 907 660 Homo
926 620 1069 660 adultus
1090 619 1285 660 atlileticus
1302 621 1370 662 fuit
1392 625 1462 664 vix

175 684 318 724 visibile
353 683 497 724 stamen
519 717 529 735 ‚
559 684 658 737 quod
680 715 691 732 ,
725 685 791 724 nisi
825 697 845 723 a
880 683 1053 736 liquido,
1086 684 1145 724 cui
1176 685 1318 724 innatat
1353 719 1363 738 ‚
1408 686 1462 727 su-

174 747 380 797 stentetur,
417 748 455 785 in
491 761 646 787 mucum
684 747 889 788 informem
923 747 1132 788 collabitur.
1201 747 1358 789 Stamen
1385 749 1464 791 hoc

173 821 286 851 vtcro
320 819 497 851 materno
526 820 761 864 conceptum
781 845 790 862 ,
828 812 875 851 de
910 822 1114 851 momento
1148 812 1185 850 in
1213 824 1462 855 momentum

172 875 370 922 increscit,
411 883 452 915 vt
483 876 568 927 post
602 889 746 916 nouem
781 875 929 916 menses
963 876 1082 915 foetus
1116 876 1280 916 nascatur
1301 908 1312 926 ,
1367 877 1459 918 duo·

172 940 300 978 decim
336 951 374 978 et
410 937 574 992 plurium
610 940 832 994 quandoque
864 939 1062 980 librarum.
1138 940 1205 980 Ex
1256 952 1335 980 ouo
1374 974 1384 992 ,
1437 954 1462 982 a

172 1002 273 1056 gallo
306 1002 558 1055 soecuudato,
595 1016 643 1042 ex
682 1004 792 1043 simili
846 1003 1038 1054 principio
1065 1036 1076 1055 ‚
1135 1004 1208 1043 vix
1259 1003 1460 1058 semigrani

173 1066 352 1120 ponderis
373 1099 382 1117 ,
420 1069 514 1108 intra
553 1067 687 1117 viginti
722 1075 760 1105 et
795 1077 913 1104 vuum
947 1065 1028 1104 dies
1049 1095 1059 1113 ,
1095 1066 1216 1119 pullus
1255 1069 1460 1120 procedit,

169 1130 307 1170 ouibus
343 1141 379 1171 ct
412 1131 528 1172 {olidis
560 1131 726 1184 partibus
758 1129 898 1168 firmus.
937 1129 997 1169 Fit
1032 1128 1106 1168 tale
1139 1129 1361 1170 continuum
1392 1143 1459 1171 au-

170 1204 372 1247 gmentum
394 1227 403 1244 ‚
437 1197 528 1236 dum
562 1205 713 1235 atomus
754 1192 882 1232 seufim
920 1193 1028 1232 alteri
1067 1224 1078 1242 ,
1113 1192 1189 1250 iam
1227 1192 1383 1233 secretae
1419 1203 1459 1235 et

171 1258 424 1308 cohaerenti,
456 1260 687 1310 apponitur,
723 1256 848 1308 illique
874 1269 943 1308 per
960 1255 1263 1304 intermedium,
1296 1258 1457 1299 codem-

170 1333 241 1374 que
275 1332 457 1372 apparatu
492 1321 751 1370 elaboratum,
791 1319 924 1372 gluten
959 1319 1181 1359 aduec‘titur.
1248 1319 1454 1374 Liquidum

166 1395 294 1424 autem
330 1383 557 1425 iecernenda
591 1381 765 1435 vehens,
801 1396 820 1424 a
856 1395 1020 1437 corpore
1056 1384 1188 1423 matris
1219 1384 1317 1436 prius
1343 1398 1457 1438 prae—

167 1458 337 1501 paratum
376 1480 386 1499 ,
436 1450 543 1489 datur
576 1447 694 1488 foetui
723 1480 734 1498 ‚
787 1458 896 1501 :itque
933 1459 1002 1500 per
1038 1447 1207 1487 eiusdem
1244 1450 1455 1502 corpusculi

165 1510 312 1551 vascula
335 1539 347 1561 ‚
381 1522 540 1552 omnem
560 1524 637 1551 non
672 1511 793 1551 modo
826 1510 964 1551 lensum
987 1543 997 1562 ,
1028 1510 1084 1551 sed
1120 1523 1279 1552 omnem
1315 1524 1450 1554 conce-

167 1585 276 1628 ptum
311 1574 518 1614 humanum
542 1607 552 1626 ‚
587 1575 785 1616 subtilitate
820 1575 877 1615 sua
912 1576 1118 1629 superantia
1139 1606 1150 1625 ‚
1186 1575 1337 1615 vlterius
1366 1591 1451 1631 per-

166 1638 289 1678 ficitur
321 1647 408 1677 ante
445 1638 707 1679 secretionem.
776 1639 835 1680 Fit
870 1639 972 1679 idem
1008 1639 1044 1678 in
1064 1638 1196 1692 pullo,
1227 1640 1320 1679 dum
1342 1672 1353 1690 ‚
1387 1642 1452 1682 da-

166 1711 209 1742 to
262 1712 440 1754 tempore
478 1735 489 1753 ‚
541 1702 716 1745 albumen
764 1716 832 1756 per
896 1702 1108 1743 incubatum
1160 1712 1393 1744 attenuatum
1439 1739 1451 1757 ‚

167 1768 264 1807 intra
334 1765 598 1818 corpusculum
666 1770 703 1808 in
755 1766 866 1806 solida
936 1775 973 1805 et
1020 1766 1133 1805 fluida
1205 1767 1449 1808 consumitur.

164 1831 275 1872 idem
329 1830 369 1868 in
422 1829 644 1870 insectorum
713 1833 794 1871 ouis
829 1863 840 1883 ,
908 1829 1010 1870 vnde
1061 1828 1240 1869 minimae
1316 1843 1450 1873 crucae

165 1894 379 1949 prodeunt,
415 1892 584 1934 exilitate
603 1894 816 1948 stupendae,
836 1893 998 1934 obtinet.
1034 1892 1160 1945 Pergit
1178 1894 1311 1934 eadem
1342 1895 1448 1936 ac'tio

164 1957 249 2013 post
283 1956 520 1997 natiuitatern
540 1989 551 2009 ‚
585 1960 777 2012 peregrina
797 1957 938 2011 ingesta
956 1966 1196 1997 commutans
1216 1958 1253 1997 in
1272 1967 1446 2001 naturam

163 2023 361 2076 propriam
386 2050 398 2072 ,
434 2032 502 2073 per
534 2021 806 2063 incrementum
844 2022 890 2062 ad
923 2021 1058 2061 statum
1081 2054 1091 2073 ‚
1124 2029 1161 2060 et
1196 2022 1242 2062 ab
1269 2022 1344 2062 hoc
1372 2036 1446 2076 per

161 2086 448 2127 decrementum
482 2084 528 2125 ad
561 2094 729 2126 mortem
749 2118 760 2136 ,
793 2085 1026 2140 apponendo
1060 2086 1253 2142 nutriens,
1285 2099 1442 2140 augens,

730 2150 775 2191 X
791 2162 819 2191 x
839 2162 864 2189 2
1383 2151 1443 2191 in-
