2013 2703
500 133 620 206 '³70
670 145 762 192 DE
810 134 1248 190 COHAESIONE
1281 135 1680 186 SOLIDORVM

525 266 675 312 mollius
708 263 750 306 fit
800 270 841 302 et
894 265 1044 299 textura
1094 255 1226 298 laxius.
1302 256 1412 298 Hanc
1455 265 1549 312 puto
1592 259 1815 304 maximam

527 332 604 374 effe
635 329 819 369 rationem
847 355 857 376 ‚
887 324 940 363 ob
990 334 1105 376 quam
1141 321 1316 376 quotidie
1350 320 1594 363 obseruamus
1628 324 1666 364 in
1703 326 1817 377 praxi

527 394 705 438 Mulieres
739 389 852 440 longe
888 386 1024 427 diutius
1052 395 1092 426 et
1125 386 1239 440 longe
1273 386 1516 426 commodius
1543 388 1701 439 perferre
1727 389 1817 430 asci-

524 469 590 499 ten
613 487 625 506 ‚
663 462 778 508 quarn
797 451 911 492 Viros
931 483 941 502 ‚
974 449 1157 502 quoniam
1179 459 1302 504 partes
1336 450 1529 489 abdomen
1559 451 1709 490 iuferius
1734 464 1816 492 am-

524 523 669 563 bientes
701 528 752 557 ex
787 514 944 570 propria
976 524 1014 554 et
1048 523 1210 554 connata
1244 522 1372 554 natura
1406 514 1451 553 ad
1486 511 1652 554 validam
1687 523 1820 554 exten-

524 585 671 627 fionem
707 588 745 620 et
779 578 1088 620 contractionem
1132 577 1214 618 sunt
1255 576 1574 631 praedispofitae,
1616 577 1704 617 licet
1744 577 1819 618 huc

526 649 646 689 etiam
684 643 847 686 multum
882 640 994 683 faciat
1026 641 1120 682 latus
1153 642 1272 695 peluis
1306 641 1469 681 ambitus
1490 673 1502 692 ‚
1546 641 1710 682 nimium
1747 653 1821 681 ex-
1842 683 1857 692 x

525 710 641 753 tensas
673 718 712 749 et
753 706 1005 748 extendentes
1046 701 1157 759 aquas
1201 705 1330 745 melius
1373 703 1561 745 sustinens.
1641 705 1748 745 Patet
1781 708 1821 744 et

526 775 622 817 mira
642 806 653 825 ‚
686 770 759 812 sed‘
783 771 924 811 diuersa
953 770 991 809 in
1025 769 1132 821 aliis,
1164 768 1411 809 contrahendi
1441 769 1650 822 proprietas
1682 769 1721 808 in
1753 780 1823 808 ex—

528 838 637 880 see‘tis
674 836 835 890 partibus
868 833 1045 875 fimilibus
1080 833 1231 873 irritatis
1250 864 1260 884 ,
1295 833 1353 872 vti
1379 831 1529 871 euidens
1559 832 1612 872 est
1639 834 1679 872 in
1707 832 1829 872 corde‘

530 910 571 943 et
605 899 687 942 aliis
722 896 894 940 musculis
927 897 1184 951 quorumdam
1221 895 1460 936 animalium.

645 962 768 1006 Sicuti
804 973 899 1002 vero
932 961 1026 1001 fibra
1062 960 1276 1000 naturaliter
1308 957 1504 998 contr-‚usta
1526 989 1536 1008 ,
1570 957 1609 996 in
1630 959 1822 999 maiorem

529 1028 654 1072 adhuc
694 1026 824 1066 nititur
866 1024 1032 1077 partium
1076 1023 1348 1062 adunationem
1379 1053 1390 1072 ,
1431 1018 1561 1076 (quod
1605 1022 1683 1060 iam
1719 1016 1837 1063 anteax

532 1087 772 1143 memoraui)
811 1089 860 1127 ita
891 1086 1026 1126 eadem
1064 1085 1217 1125 extensa
1252 1084 1449 1137 elongatur
1481 1085 1593 1124 etiarn
1638 1086 1795 1126 vlterius
1816 1116 1827 1130 ,

535 1155 681 1209 quoties
716 1160 753 1192 et
787 1151 932 1191 ratione
952 1182 962 1202 ,
996 1162 1067 1203 qua
1102 1150 1162 1189 vis
1195 1148 1402 1188 extendens
1435 1158 1592 1201 augetur
1612 1181 1622 1199 ,
1669 1158 1826 1203 tumque

537 1230 587 1259 eo
619 1216 738 1270 magis
772 1214 939 1255 renitens
989 1214 1089 1253 vires
1135 1211 1375 1253 contr-netues
1408 1211 1488 1264 plus
1519 1212 1642 1253 reddit
1673 1213 1828 1267 conspi-

536 1293 654 1334 cuas,
689 1290 783 1335 quae
818 1287 975 1331 reagunt
1010 1277 1047 1316 in
1081 1275 1225 1316 causam
1263 1276 1536 1316 extendentem
1566 1308 1576 1328 ‚
1619 1288 1695 1329 quo
1737 1277 1828 1318 haec

537 1346 678 1388 fortior
715 1342 780 1383 est.
858 1340 983 1381 Austa
1024 1339 1100 1379 hoc
1145 1340 1309 1393 explicat
1352 1339 1558 1378 humorum
1601 1339 1824 1389 circulatio,

539 1410 645 1450 vnde
679 1406 856 1447 vasorum
890 1403 1062 1444 extenfio
1096 1411 1135 1442 et
1183 1401 1395 1442 contrac‘tio
1447 1399 1620 1439 citiffimc.
1664 1411 1830 1441 mutatur

542 1482 582 1514 et
619 1469 723 1512 simul
756 1467 1010 1509 validiffime:
1044 1466 1144 1518 quod
1180 1465 1222 1504 sit
1256 1476 1275 1502 a
1308 1463 1408 1503 causa
1427 1464 1587 1502 minima
1609 1495 1619 1512 ‚
1655 1474 1692 1503 et
1720 1465 1829 1505 toties

540 1534 725 1578 leuiffirna
779 1533 1000 1580 obseruata,
1036 1529 1109 1569 siue
1157 1536 1329 1568 mentem
1378 1526 1479 1578 prius
1515 1558 1525 1577 ‚
1579 1527 1652 1566 fiue
1685 1527 1828 1567 directe

543 1611 686 1654 corpus
735 1594 871 1637 afficiat
909 1610 920 1649 3
976 1595 1013 1633 in
1048 1604 1125 1646 quo
1161 1625 1172 1643 ,
1224 1589 1409 1629 fimiss'uno
1459 1590 1573 1629 etiam
1607 1589 1831 1641 declarato,

545 1664 618 1706 vix
650 1663 753 1702 idem
806 1659 913 1700 omni
949 1657 1025 1698 diei
1073 1656 1166 1695 hora
1218 1654 1340 1693 cordis
1374 1662 1411 1692 et
1456 1653 1669 1693 arteriarum
1711 1653 1832 1706 pulsus

547 1725 868 1782 deprehenditur:
910 1733 1020 1775 quare
1056 1720 1150 1759 inter
1190 1717 1363 1758 Metricos
1395 1717 1507 1757 multi
1539 1717 1710 1758 dubitant
1731 1749 1741 1769 ,
1782 1730 1830 1759 an

549 1791 715 1848 persec'ta
749 1787 880 1827 {auitas
909 1786 950 1826 sit
984 1783 1194 1824 defimenda
1229 1784 1299 1830 (a).

669 1853 830 1910 Quoties
865 1862 960 1891 vero
993 1846 1093 1888 cauta
1129 1847 1217 1886 haec
1252 1844 1462 1886 extendens
1495 1845 1603 1885 aneta
1625 1878 1635 1897 ,
1671 1845 1731 1886 vel
1767 1859 1837 1900 pet

556 1919 754 1974 propriam
789 1916 971 1955 virtutem
1001 1944 1011 1961 ,
1049 1911 1109 1950 vei
1144 1922 1209 1961 per
1245 1909 1486 1949 imminutam
1516 1909 1759 1950 resistentiam
1798 1910 1836 1950 in

553 1984 647 2025 fibra
679 1979 752 2033 ipsa
776 2013 784 2032 ‚
819 1979 979 2018 eandem
1014 1975 1093 2028 plus
1121 1973 1296 2025 elongare
1326 1973 1481 2026 pergit,
1518 1973 1686 2026 adeoque
1711 1984 1844 2027 partes*

554 2047 732 2089 minimas
789 2042 1052 2082 constituentes
1097 2039 1215 2090 magis
1277 2051 1297 2078 a
1354 2036 1387 2075 se
1420 2037 1585 2077 inuicem
1629 2047 1835 2087 remouct,

1753 2110 1837 2139 tan-

558 2173 1822 2197 ..-.-.----——-—---.-...—..----—--—-.

607 2204 661 2255 (a)
691 2200 822 2237 Galenus
849 2202 889 2236 dc
916 2199 1047 2234 [inritare
1077 2198 1187 2232 tuenda
1216 2195 1288 2233 Lib.
1321 2210 1378 2232 vr·
1405 2194 1482 2242 Cap.
1514 2207 1544 2235 5.
