2013 2703
140 164 249 173 ’.-
257 159 360 169 ..—
369 154 1330 167 --ῌ-ᾞ--ῌ--ᾐ-
1425 158 1437 168 Ι,

179 187 1390 202 ——-——--—————-—-—-————-—-———-

236 293 702 357 METHODVS
765 290 1352 352 INVESTIGANDI

122 392 125 396 ’
188 383 566 429 PARALLAXIN
618 381 816 423 LVNAE
866 381 942 421 ET
997 380 1396 424 PLANETARVM

292 445 602 492 ECLIPSIBVS
643 445 992 486 STELLARVM
1030 444 1293 489 FlXARVM

427 508 459 543 A
486 503 620 540 LVNA
647 502 710 539 ET
736 502 961 539 PLANETIS
988 501 1164 540 lNNlXA.

468 620 558 657 Αιιέῖ.
589 621 633 656 A.
668 621 717 656 N.
757 614 1121 654 GRISCHOW.

152 680 389 828 Quanti
428 727 544 757 terrae
589 716 752 756 firtellitis
784 715 975 756 theoriam
1011 715 1057 756 ad
1094 717 1316 757 maximum
1355 728 1446 769 per·-

323 782 494 822 fec'tionis
531 781 714 834 fastigium
751 780 959 834 perducere
992 789 1031 819 et
1068 777 1343 834 Geographiae
1364 792 1448 833 per-

155 847 339 887 ficiendae
374 856 412 886 et
446 846 496 885 rei
530 846 695 884 nauticae
726 844 965 884 excolendae
997 843 1137 884 intersit
1177 877 1187 896 ,
1238 845 1318 897 quis
1349 843 1450 897 vigi·

156 910 314 950 lantiam
349 910 671 949 Astronomorum
711 939 722 958 ,
774 919 1014 961 magnosque
1049 905 1343 948 Geometrarum
1378 919 1448 946 co-

156 984 261 1013 natus
291 972 484 1026 perspecta
519 972 660 1013 habens
712 984 787 1012 non
838 968 990 1011 sentit?
1050 973 1213 1027 Quantis
1254 982 1350 1011 vero
1391 982 1451 1009 ar·

156 1037 272 1077 duum
310 1036 427 1076 hocce
462 1050 557 1089 opus
592 1046 783 1090 prematur
803 1034 1078 1073 difficultatibus
1107 1066 1117 1084 ‚
1154 1035 1204 1074 ob
1224 1034 1416 1073 elementa
1439 1066 1450 1085 ,

158 1101 204 1140 ad
241 1100 427 1140 theoriam
464 1101 628 1140 lunarem
664 1100 701 1137 in
735 1097 902 1150 apricum
938 1097 1218 1150 producendam
1260 1097 1454 1149 requisita,

158 1164 257 1204 haud
290 1164 456 1216 perfecte
487 1163 670 1215 cognita,
705 1160 942 1215 perspicuum
978 1160 1029 1200 est
1063 1162 1183 1201 cuiuis
1201 1161 1452 1202 confidet-anti

161 1227 427 1278 difficultates,
461 1229 591 1281 quibus
622 1224 718 1278 ipsae
755 1224 915 1263 nodoiac
950 1237 991 1264 ac
1033 1228 1224 1265 intricatae
1261 1224 1453 1278 praedicta

161 1293 358 1332 elementa
393 1289 667 1330 determinandi
703 1288 880 1328 methodi
916 1288 993 1327 sunt
1042 1289 1239 1329 subiectae.

312 1355 535 1395 Astronomi
567 1354 680 1405 longa
714 1352 919 1392 multarum
955 1351 1256 1392 obseruationum
1278 1354 1367 1392 serie
1397 1359 1451 1394 18

160 1419 311 1458 circiter
346 1430 532 1458 annorum
559 1448 569 1464 ,
617 1415 853 1457 Geometrae
887 1426 1013 1455 autem
1051 1416 1283 1456 mechanicis
1316 1417 1458 1469 legibus

162 1481 291 1522 Lunae
325 1481 515 1521 theoriam
547 1479 788 1533 compescere
821 1490 1017 1519 conantur.
1054 1480 1222 1534 Vterque
1244 1493 1338 1520 vero
1367 1492 1455 1520 mo-

162 1546 229 1585 dus
273 1547 470 1597 praecipue
513 1544 645 1583 nititur
684 1544 904 1596 cognitione
946 1543 1115 1596 perfecta
1159 1543 1455 1584 excentricitatis

162 1608 307 1648 orbitae
343 1607 502 1647 Lunaris
525 1639 534 1657 ,
569 1607 745 1660 Apogaei
781 1617 820 1651 et
858 1607 1068 1648 Nodorurn
1105 1607 1277 1647 locorum
1300 1640 1310 1657 ‚
1345 1607 1454 1646 ineli-

164 1672 326 1711 natiouis
377 1672 517 1710 orbitae
571 1669 699 1710 Lunae
736 1671 782 1710 ad
817 1672 1036 1723 eclipticam
1078 1703 1088 1721 ,
1142 1671 1214 1710 loci
1258 1681 1294 1710 et
1329 1681 1456 1710 motus

166 1736 294 1776 Lunae
329 1735 473 1783 medii,
517 1745 555 1774 et
593 1735 827 1788 parallaxeos
857 1734 1115 1774 horizontalis.
1159 1734 1375 1774 Methodos
1393 1746 1454 1773 au-

165 1810 246 1839 tem
283 1799 308 1838 {i
342 1798 616 1838 confideremus
637 1832 646 1850 ,
681 1798 814 1852 quibus
847 1798 1074 1838 Astronomi
1110 1799 1152 1837 ad
1176 1799 1239 1838 ista
1267 1799 1456 1838 elementa

167 1863 460 1903 determinanda
496 1862 720 1915 plerumque
755 1872 910 1902 vtuntur
931 1893 940 1909 ,
977 1861 1074 1901 haud
1107 1861 1311 1902 difficulter
1337 1874 1458 1915 appa-

168 1938 226 1968 ret
250 1960 258 1976 ‚
300 1926 442 1964 nullum
465 1926 538 1964 fere
565 1925 702 1965 horum
731 1926 1007 1965 clementorum
1032 1927 1172 1964 exinde
1200 1936 1371 1965 accurate
1392 1927 1458 1965 de-

173 1991 272 2032 finiri
312 1991 423 2042 pelle.
480 1989 695 2029 Praesertim
740 2002 836 2029 vero
873 1990 1014 2039 modi,
1050 1989 1225 2042 Apogaei
1261 1990 1388 2029 locum
1423 1998 1460 2027 et

176 2054 384 2108 parallaxin
428 2052 558 2092 Lunae
600 2053 865 2106 inuestigandi,
915 2053 1156 2103 vsitatiores‚
1211 2064 1288 2093 tfrn
1334 2051 1465 2093 lubrici

179 2119 386 2167 videntur,
422 2127 464 2156 vt
499 2119 569 2156 vix
605 2117 744 2170 sperare
779 2118 918 2167 liccat,
953 2117 1032 2157 fore
1065 2126 1140 2169 vt,
1195 2117 1262 2156 nisi
1293 2115 1469 2169 singulari

770 2180 802 2221 L
822 2181 868 2222 ll
902 2194 926 2220 2
1346 2179 1455 2219 adhi-
