2013 2703
167 165 272 209 AD
304 161 765 210 MENSVRAM
809 155 1299 206 REDVCENDI
1332 171 1420 215 275

252 284 288 331 ς.
325 297 366 334 9.
401 282 667 325 Decrementa
703 281 906 322 stcundum
944 281 979 330 §.
1001 293 1044 331 4.
1078 288 1300 336 computata
1331 293 1428 335 ergo

135 347 245 398 sunt,
290 351 345 389 vti
379 349 529 402 sequens
560 347 684 387 tabula
713 346 903 387 exhibet:

137 411 222 464 post
244 412 593 467 33min.pr.solutio
614 422 831 465 33.5gmu.
873 411 957 464 post
980 417 1055 463 18}
1117 430 1137 440 -
1209 414 1344 458 1485
1368 422 1425 463 gr.

166 483 516 517 -8---
612 483 804 524 71.8—
899 487 1029 513 -22
1115 475 1411 522 -167.7—

172 550 269 586 -13
339 568 355 575 -
421 563 438 571 -
498 554 513 572 ·-
584 541 1030 594 110—-1-26
1109 560 1129 568 -
1198 543 1283 583 183
1368 557 1412 566 -

136 600 288 644 Solutio
319 617 414 658 ergo
451 607 504 642 26
538 617 592 644 m.
631 616 687 656 pr.
723 609 944 653 computata
977 602 1123 642 recedit
1158 600 1205 640 ab
1238 600 1428 642 obseruata

138 666 189 720 (5.
211 668 266 722 S.)
303 675 352 716 δὲ
383 669 507 722 granis
540 668 591 708 ob
621 667 846 720 grauitatem
886 665 1101 719 specificam
1135 663 1215 704 fiilis
1247 664 1345 704 inter
1370 665 1430 705 so-

137 732 328 773 lutionem
363 735 546 772 minutam
588 763 600 782 ‚
653 731 737 784 quia
772 729 877 769 euim
911 729 935 769 b
958 732 1001 781 <
1026 744 1075 781 a,
1111 728 1178 770 fiet
1203 760 1215 779 ‚
1249 728 1368 781 posita
1403 728 1433 770 d

138 805 275 842 maiori
296 835 306 852 ,
340 803 427 842 hinc
462 803 642 854 grauitate
682 799 854 857 specifica
878 799 953 841 salis
973 801 1120 842 minori
1141 832 1152 854 ,
1170 785 1427 856 OE-Zssnmi·

1204 837 1223 856 α

136 878 211 906 nor
229 899 238 919 ,
271 879 384 920 quam
420 878 537 907 antea.

257 999 288 1045 §.
318 1011 384 1037 10.
405 998 462 1038 Vt
491 1011 710 1051 comparare
739 996 920 1050 possimus
948 997 1232 1040 obstruationes
1260 998 1428 1055 Experi-

135 1064 260 1100 meuti
283 1061 335 1102 11.
357 1075 443 1101 cum
464 1062 782 1101 obseruationibus
803 1061 950 1113 Exper.
973 1061 1006 1111 1,
1025 1063 1211 1103 debemus
1229 1064 1348 1104 solum
1370 1063 1427 1104 so-

137 1124 329 1164 lutionem
365 1125 564 1165 interuallo
598 1125 668 1164 isto
701 1124 888 1176 temporis
924 1125 1181 1178 contemplari
1217 1156 1228 1176 ,
1270 1139 1348 1179 quo
1379 1126 1429 1167 sal

137 1188 342 1242 Experim.
376 1188 434 1228 Π.
467 1190 598 1230 habuit
634 1189 735 1228 idem
772 1187 919 1240 pondus
947 1201 1036 1228 cum
1069 1187 1136 1228 sale
1163 1188 1427 1242 Experim.1.

134 1256 177 1291 ‘et
206 1253 307 1293 cuius
344 1254 455 1292 initio
485 1264 521 1292 et
563 1252 637 1292 fine
674 1251 798 1290 eubuli
843 1251 1014 1303 aequales
1055 1252 1267 1293 habuissent
1307 1253 1432 1308 super-

136 1314 267 1367 ficies,
303 1317 329 1356 ss
359 1317 518 1369 grauitas
552 1314 726 1368 specifica
761 1326 840 1353 non
875 1325 1018 1355 mutata
1045 1314 1163 1356 fuisset
1190 1318 1291 1357 inter
1332 1318 1431 1359 solu-

136 1380 298 1420 tionem.
368 1378 471 1419 Cum
509 1379 720 1419 minoribus
751 1380 989 1432 temporibus
1009 1377 1223 1433 superficies
1241 1393 1318 1421 non
1341 1395 1429 1423 mu-

134 1452 232 1482 tetur
264 1443 370 1483 valde
410 1443 591 1484 solurione
612 1476 622 1495 ‚
656 1454 820 1497 ponatur
854 1443 1064 1497 Experim.
1109 1443 1165 1484 ΙΙ.
1218 1443 1430 1500 superficies

135 1507 258 1546 eubuli
292 1507 405 1546 initio
435 1521 504 1560 per
539 1514 590 1555 33
611 1509 705 1547 min.
723 1520 780 1560 pr.
815 1507 988 1548 constans
1005 1518 1043 1548 et
1061 1506 1265 1550 solutiones
1284 1519 1392 1551 erunt
1414 1543 1426 1563 ,

137 1570 194 1608 vti
230 1578 422 1622 tempom.
489 1571 575 1610 Erit
610 1570 699 1612 hinc
735 1582 835 1620 335
887 1573 931 1613 ad
976 1583 1076 1622 825
1103 1587 1157 1614 :.-.
1181 1576 1347 1622 agmin.
1367 1587 1426 1629 pr.

136 1633 183 1672 ad
206 1642 228 1679 3
255 1639 288 1681 {g
308 1645 362 1672 m.
386 1647 441 1686 pr.
479 1635 566 1674 Post
596 1645 618 1681 3
651 1636 746 1675 min.
769 1649 828 1689 pr.
859 1646 898 1676 et
936 1648 988 1684 23
1011 1638 1141 1677 mins.
1170 1639 1326 1680 eubulus
1359 1651 1427 1679 ac-

135 1698 237 1748 cepit
272 1697 416 1750 pondus
454 1701 536 1746 163
573 1711 675 1752 gran.
708 1700 809 1753 quod
842 1701 997 1741 eubulus
1031 1701 1279 1754 Experim.1
1315 1703 1427 1742 initio

136 1760 284 1800 habuit.
350 1762 414 1801 Ab
448 1762 521 1803 hoc
555 1773 730 1816 tempore
762 1765 1052 1805 decrementum
1092 1776 1175 1812 103
1207 1779 1316 1818 gran.
1339 1765 1426 1820 post

144 1831 239 1870 135⁵,
267 1826 362 1864 min.
400 1828 522 1879 prima
556 1827 593 1867 in
629 1832 816 1881 temperie
854 1835 923 1878 84.
959 1829 1061 1881 grad.
1096 1827 1238 1869 saelum
1276 1830 1338 1870 est.
1376 1829 1424 1871 In

139 1890 266 1940 primo
300 1890 582 1942 Experimento
602 1892 702 1932 idem
740 1891 1027 1933 decrementum
1067 1895 1139 1932 26.
1162 1894 1258 1933 min.
1281 1907 1337 1947 pr.
1360 1894 1423 1935 sub

138 1954 326 2005 temperie
360 1968 416 2002 42
454 1955 634 2006 graduum
667 1967 889 2008 generatum
924 1957 989 1996 est.
1065 1956 1269 2010 Tempora
1310 1958 1423 2012 igitur

138 2017 365 2056 solutionum
412 2018 620 2070 aequalium
660 2020 723 2060 sub
760 2021 1013 2074 temperiebus
1058 2033 1132 2070 42.
1168 2032 1206 2061 et
1244 2028 1302 2072 84
1336 2036 1424 2076 gra-

138 2081 253 2120 duum
287 2078 463 2131 fuerunt,
497 2082 552 2120 vti
590 2095 612 2121 2
637 2099 644 2124 :
669 2096 707 2123 1.
742 2084 948 2125 Tredecim
984 2098 1126 2138 nempe
1157 2087 1248 2126 min.
1274 2099 1332 2139 pr.
1358 2099 1424 2128 cu·

137 2144 204 2185 bus
237 2145 387 2199 Exper.
420 2144 475 2187 11.
511 2145 630 2186 fetme
665 2146 766 2186 idem
799 2147 921 2201 paffus
954 2149 1007 2190 est
1024 2151 1307 2192 decrementum
1329 2164 1420 2204 pon-

685 2209 731 2251 M
762 2223 803 2251 m
840 2225 866 2251 2
1327 2215 1421 2254 deris
