2013 2703
567 126 656 156 112
975 109 1522 156 ELEMENTA

561 254 705 298 petere.
748 243 807 284 Ita
850 241 1006 281 solidum
1049 239 1287 282 cuneiforme
1337 250 1426 280 ante
1473 242 1743 286 consideratum
1792 259 1863 287 vo—

558 309 707 348 cabitur
736 305 978 362 pentaedrum
1028 302 1256 357 hexagonum
1281 317 1292 356 ς
1328 302 1503 354 Pyramis
1535 309 1764 361 triangularis
1791 312 1863 351 erit

556 372 785 411 tetraedrum
840 376 1105 422 tetrag0nmn3
1155 367 1293 408 prisma
1330 368 1575 421 -triangulare
1618 373 1862 425 pentaedrum

554 433 818 487 hexag-erm3
854 431 1216 486 Parauelepipedum
1257 443 1352 472 vero
1394 430 1626 475 hexaem-um
1663 437 1862 489 octogonum

554 507 593 538 et
627 507 678 538 ita
710 510 845 552 porro.

674 592 708 641 ξ.
747 605 815 632 12.
842 591 925 633 Etsi
960 605 1052 647 ergo
1084 592 1131 632 ad
1161 603 1277 644 genus
1310 589 1452 645 figurae
1485 591 1616 653 planae
1647 594 1863 639 rectilineae

555 656 831 710 ‘designandum
867 655 1001 697 sufficit
1034 657 1192 697 laterum
1215 667 1418 695 numerum
1440 689 1450 707 ,
1485 659 1618 710 quibus
1640 660 1862 712 includitur,

559 719 887 761 commemorasse
914 754 924 773 ‚
967 723 1148 775 quoniam
1198 719 1425 772 angiilr‘vrum
1482 733 1658 764 numerus
1715 726 1862 777 {emper

558 783 611 824 est
653 786 814 839 aequalis
854 797 1020 836 numero
1053 784 1246 835 laterum3
1294 792 1425 822 tamen
1458 784 1496 823 in
1529 785 1648 826 (blidis
1690 799 1865 830 numerus

557 847 780 901 angulorum
817 847 1021 890 solidorum
1056 849 1266 888 admodum
1311 846 1521 900 discrepare
1572 847 1694 902 potest
1737 863 1756 890 a
1794 863 1863 890 nu-

557 923 669 964 mero
707 911 914 966 hcdrarum
944 946 955 966 ,
1006 912 1108 952 vnde
1159 920 1360 963 Vtrumque
1407 924 1608 952 numerum
1661 915 1861 954 nominare

555 972 655 1032 'opus
695 976 762 1016 est.
832 974 893 1017 Sic
944 975 1116 1029 pyramis
1159 972 1462 1027 quadrangularis
1503 986 1622 1027 aeque
1665 976 1860 1016 includitur

557 1041 722 1092 quinque
761 1039 918 1088 hedris,
951 1051 992 1077 ac
1029 1037 1164 1094 prisma
1204 1036 1457 1088 triangulare,
1498 1035 1556 1077 sed
1597 1036 1660 1077 illa
1699 1040 1862 1094 quinque

557 1109 705 1142 tantum
736 1101 854 1142 habet
888 1099 1044 1154 angulos
1078 1099 1245 1151 solidos,
1279 1098 1372 1139 dum
1408 1099 1484 1140 hoc
1504 1099 1618 1141 habet
1663 1101 1739 1142 sex.

674 1230 709 1278 ς.
747 1239 816 1276 13.
853 1228 916 1270 Ad
949 1227 1155 1268 solidorum
1195 1237 1288 1265 vero
1325 1237 1463 1278 genera
1507 1228 1765 1270 constituenda
1806 1228 1857 1271 su-

555 1292 749 1347 perfluum
784 1292 879 1333 foret
913 1301 1063 1346 praeter
1097 1289 1294 1330 hedrarum
1332 1300 1369 1327 et
1402 1290 1623 1342 angulorum
1650 1291 1860 1335 solidorum

555 1369 736 1397 numeros
768 1355 913 1409 iusuper
960 1367 1165 1395 numerum
1214 1353 1380 1391 acierum
1433 1353 1594 1393 adiicere
1623 1386 1634 1405 ,
1676 1359 1857 1407 quoniam

556 1421 614 1461 vti
679 1419 851 1473 deinceps
893 1418 1142 1468 monstrabo,
1184 1417 1350 1457 acierum
1402 1428 1580 1456 numerus
1630 1417 1775 1471 semper
1807 1431 1856 1460 cx

555 1495 720 1524 numero
751 1483 952 1524 hedrarum
988 1493 1026 1522 et
1059 1480 1283 1534 angulorum
1331 1479 1531 1520 solidorum
1551 1482 1828 1523 determinatur
1847 1514 1858 1535 ‚

558 1548 609 1589 ita
645 1557 689 1587 vt
708 1579 719 1599 ‚
755 1546 780 1587 si
810 1546 918 1587 datus
950 1545 1060 1586 flierit
1094 1556 1173 1585 tam
1195 1554 1368 1585 numerus
1387 1543 1586 1583 hcdrarum
1608 1577 1618 1596 ,
1650 1557 1763 1598 quam
1793 1558 1858 1586 nu-

558 1624 685 1654 merus
718 1611 942 1665 angulorum
978 1608 1212 1661 solidorum,
1252 1608 1419 1660 cuiusque
1460 1606 1569 1649 solidi
1619 1609 1708 1650 iude
1749 1608 1857 1650 simul

559 1688 739 1717 numerus
768 1675 930 1716 acierum
964 1673 1008 1714 fit
1042 1674 1228 1726 cognitus.

678 1772 712 1820 ς.
763 1784 830 1822 14.
875 1769 1090 1810 Vlteriores
1131 1780 1226 1808 vero
1267 1766 1467 1808 fiilidorum
1508 1766 1743 1807 differentiae
1786 1779 1855 1821 pe·

560 1835 693 1875 tendae
712 1836 792 1875 sunt
811 1847 899 1875 cum
933 1846 982 1873 ex
1002 1832 1130 1873 indole
1167 1832 1392 1883 hedrarum,
1427 1832 1483 1872 seu
1502 1833 1657 1871 numero
1673 1831 1854 1883 laterum,

560 1899 690 1952 quibus
722 1910 884 1952 quaeque
920 1897 1033 1937 hedra
1087 1896 1323 1950 includitur·‚
1364 1906 1445 1936 tum
1489 1907 1587 1935 vero
1628 1907 1679 1935 ex
1727 1895 1854 1935 indole

560 1961 786 2016 angulorum
839 1960 1040 2001 solidorum
1066 1993 1076 2011 ‚
1131 1969 1241 2013 prout
1291 1961 1442 2013 quisque
1489 1960 1553 1999 vel
1603 1971 1654 1999 ex
1706 1959 1818 1999 tribus
1844 1988 1856 2008 ,

556 2027 764 2080 pluribuaue
805 2025 946 2078 angulis
984 2024 1101 2077 planis
1134 2023 1239 2063 fiscrit
1274 2023 1468 2064 formatus.
1538 2023 1711 2076 Angulus
1747 2021 1852 2060 euim

556 2088 691 2133 (olidus
721 2102 771 2133 ex
789 2089 1050 2146 paucioribus,
1084 2099 1199 2143 quam
1217 2089 1330 2131 tribas
1358 2089 1506 2144 angulis
1522 2087 1643 2142 planis
1682 2084 1853 2154 constare

1693 2158 1852 2203 nequir,
