2013 2703
268 194 360 234 AD
393 186 990 235 ARCHITECTVRAM
1020 188 1307 236 CIVILEM
1351 207 1436 247 ψ

150 313 291 352 testum
327 313 528 367 dcprcffius
559 308 673 363 BC3
709 311 825 364 posita
859 312 1051 366 Vtriusque
1088 313 1178 352 testi
1220 313 1440 354 semilauta-

147 375 233 415 dine
270 375 354 416 BD
387 380 520 417 eidem
544 375 557 416 ξ
594 375 708 430 Quod
729 408 739 425 ,
760 387 803 415 Vt
822 378 1112 427 examinemus,
1136 390 1322 429 pommus
1341 380 1436 418 tee'ti

149 439 186 477 Α
208 438 240 478 Β
272 443 416 493 pondus
451 443 524 480 csse
557 447 652 493 :p
674 472 684 488 ‚
715 439 920 480 comestum
954 443 991 481 in
1024 451 1159 481 centro
1186 442 1371 493 grauitatis
1391 443 1442 494 E,

151 502 223 542 ho:
257 504 309 543 est
343 506 379 544 in
417 506 546 545 medio
579 502 688 556 ipslus
721 502 804 541 ΑΒ
824 535 833 553 ,
868 503 942 543 hoc
979 506 1130 557 pondus
1161 503 1203 543 fit
1223 505 1443 557 expositum

150 578 214 618 per
252 568 327 607 1310*
362 569 581 608 verticalem
612 580 623 618 3
674 565 833 605 resoluta
864 565 935 605 hac
970 568 1006 606 in
1041 565 1126 607 EG
1147 598 1157 617 ‚
1195 569 1442 620 perpendicn-

141 629 264 671 luem
308 632 352 672 ud
383 630 494 683 AB,
530 640 567 670 et
597 625 676 669 GF
708 628 836 668 eidem
871 629 1092 682 parallelum
1128 663 1138 682 ‚
1182 631 1285 671 dubit
1318 643 1367 670 ex
1399 633 1450 673 sl·-

148 714 361 755 militudine
412 713 686 766 triangulorum
740 710 913 755 EG:
941 699 1079 767 ²³5⁸?st
1130 726 1188 751 :-
1239 712 1445 767 pressioni,

145 790 263 830 quam
306 777 447 817 testum
482 778 558 817 hoc
593 777 698 816 altius
731 776 768 816 A
789 775 823 816 Β
857 778 1016 818 sustinet.
1076 775 1120 816 In
1155 777 1260 817 teeto
1293 778 1443 832 depres-

144 841 229 881 fiori
263 839 296 881 B
316 840 350 882 C
370 874 380 893 ‚
411 841 516 881 cuius
552 841 697 894 pondus
731 841 767 881 H
788 841 807 882 1
826 855 882 881 Ξ
902 856 934 884 π
954 874 965 894 ,
1017 841 1185 882 (imiliter
1235 843 1445 895 reperietur

142 913 279 968 preffio
310 915 348 956 H
368 915 402 956 K
422 928 476 954 Ξ
495 901 602 967 ἶέΒΤξ)
623 947 634 966 ‚
666 927 760 969 quate
792 915 888 956 duae
922 914 1127 969 preffiones
1160 915 1272 968 igitur
1291 916 1389 956 inter
1407 916 1443 956 se

144 989 252 1018 erunt
283 987 392 1033 ΞΡ.
428 976 462 1018 C
482 976 542 1018 B:
579 994 624 1018 π.
661 978 700 1018 Α
721 978 788 1031 B·‚
822 979 880 1020 {ed
916 980 968 1019 ob
1001 979 1099 1020 testa
1141 978 1330 1033 suppofita
1371 980 1444 1021 ho-

145 1054 332 1094 mogenea
363 1043 428 1081 erit
459 1050 516 1096 p:
555 1055 586 1081 π
606 1054 661 1079 Σ
681 1041 719 1080 Α
740 1040 798 1080 Β;
835 1040 870 1080 C
890 1040 946 1092 B,
965 1053 1026 1082 aut
1045 1044 1121 1082 erit
1149 1051 1190 1096 p.
1212 1041 1247 1083 C
1265 1041 1301 1082 B
1318 1058 1374 1083 Ξ
1397 1060 1444 1087 π.

145 1107 183 1146 Α
203 1103 268 1158 B·,
303 1117 392 1158 ergo
426 1104 631 1159 preffioncs
651 1136 661 1155 ,
695 1115 786 1157 quus
819 1103 962 1144 testum
997 1113 1060 1144 aut
1094 1104 1200 1144 altius
1220 1138 1231 1155 ,
1272 1117 1334 1146 aut
1375 1109 1445 1148 de-

144 1169 325 1222 pressius,
364 1170 549 1223 recipiunt
579 1181 600 1208 a
643 1169 800 1208 materia
843 1167 1118 1220 homogenea,
1161 1169 1245 1209 sunt
1280 1170 1377 1210 iuter
1408 1169 1445 1210 se

144 1232 315 1288 aequales
336 1248 346 1283 3
380 1233 497 1286 posita
515 1231 707 1271 latitudine
729 1231 818 1270 tecti
837 1232 876 1270 in
894 1241 1051 1283 vtraque
1070 1230 1264 1272 altitudine
1288 1234 1440 1275 eadem.

144 1298 262 1353 Quod
295 1298 439 1350 primus
471 1294 612 1347 reperit
647 1291 847 1347 Coupletus
869 1324 880 1341 ,
915 1295 952 1333 in
971 1294 1177 1335 Memoires
1208 1296 1252 1336 de
1283 1296 1440 1338 l'Acad.

149 1370 280 1408 1731·
309 1367 352 1413 p.
388 1361 463 1408 69.
502 1355 663 1398 'Certum
700 1358 812 1410 igitur
841 1357 892 1397 est
913 1389 923 1409 ‚
957 1357 1061 1410 super
1079 1358 1210 1398 eudem
1246 1359 1322 1400 basi
1356 1374 1442 1402 ere-

141 1423 209 1465 ἂο
241 1423 317 1463 siue
350 1421 502 1474 altiori,
549 1420 623 1462 siue
655 1420 878 1474 depreffiori
916 1421 1048 1474 testo,
1072 1431 1278 1476 Vtrumque
1305 1436 1441 1478 aequa-

140 1489 224 1528 liter
255 1488 381 1540 premi
414 1486 462 1526 ab
494 1497 610 1526 onere
644 1485 711 1526 fibi
746 1486 953 1541 imposito:
985 1487 1141 1527 interim
1169 1496 1301 1527 tamen
1329 1488 1436 1531 altius

143 1550 290 1591 testum
326 1551 397 1589 erit
430 1549 623 1602 debiliu53
657 1551 838 1604 quoniam
872 1551 912 1590 in
947 1562 995 1590 eo
1027 1550 1163 1606 preffio
1196 1551 1333 1593 eadem
1361 1555 1439 1607 agit

143 1616 182 1655 in
203 1613 401 1655 brachium
420 1612 564 1667 longius
581 1613 728 1655 ΑΕΖ
742 1620 754 1661 ξ
768 1613 863 1667 ΑΒ,
883 1613 1053 1670 adeoque
1070 1615 1213 1656 exinde
1233 1617 1355 1657 maius
1374 1630 1439 1657 ac-

142 1679 255 1732 quirit
289 1686 534 1718 momentum
568 1679 839 1722 mechanicum
863 1710 874 1732 ,
911 1692 964 1721 ex
996 1680 1147 1722 tatione
1180 1679 1298 1722 vestis
1331 1680 1439 1722 facile

142 1741 459 1797 perspiciendum.

280 1873 303 1922 5
336 1871 510 1915 ‚XLHL
545 1871 587 1917 Si
618 1885 810 1932 praeterea
842 1878 1060 1919 examinare
1095 1876 1286 1928 velimus,
1305 1884 1436 1918 Vtrum

144 1944 286 1978 tectum
308 1937 434 1990 altius,
464 1948 528 1980 aut
544 1941 752 1996 depreffius,
773 1943 910 1984 habeat
943 1943 1025 1997 plus
1042 1940 1278 1994 impulsionis
1298 1973 1308 1993 ‚
1321 1949 1437 1997 pous.

127 1998 228 2055 ser,
258 2003 572 2045 confiderabimus
602 2006 846 2049 cantherium
882 2008 929 2048 ab
956 2018 1072 2048 onere
1104 2005 1170 2046 suo
1203 2004 1300 2046 trahi
1331 2007 1436 2047 iuxta

141 2066 421 2119 longitudinem
463 2067 565 2108 suam
605 2072 805 2123 quantitate
843 2069 965 2126 GF;
1007 2071 1173 2124 cupiatur
1214 2069 1302 2110 huic
1344 2069 1435 2112 GF

141 2143 199 2171 =
231 2128 347 2185 BL»
381 2130 634 2177 &resoluatut
664 2135 704 2178 in
733 2135 957 2180 verticalem
976 2133 1011 2178 B
1028 2133 1108 2190 M,
1139 2143 1180 2177 et
1210 2134 1435 2177 horizonta-

1351 2199 1432 2238 lem
