2013 2703
320 170 1205 221 MOLARVMALATARVM
1352 180 1411 218 49

559 301 1009 346 SOLVTIO.

253 403 434 442 Transeat
463 402 542 442 axis
568 413 634 455 per
662 400 843 453 punctum
873 397 906 439 C
936 399 1050 452 sitque
1077 396 1124 439 ad
1144 396 1302 451 planum
1323 388 1505 437 tabu-Fig.
1524 399 1553 422 ²·

136 467 189 507 lae
211 469 389 506 normalis
409 500 419 517 ,
452 467 501 505 ita
523 476 565 504 vt
583 466 694 504 ctiam
715 465 876 504 direc‘tio
910 465 1013 503 venti
1046 465 1082 503 iu
1105 462 1260 514 planum
1282 458 1429 498 tabulae

134 531 174 570 sit
211 531 528 584 perpendicularis
549 562 557 578 ,
592 541 693 568 cuius
725 528 894 566 celeritas
926 527 1051 566 debita
1085 526 1128 566 sit
1159 523 1343 563 altitudini
1373 534 1429 561 :t

137 595 158 633 lt
186 628 194 645 ‚
231 598 287 633 leu
321 595 466 648 lingulis
500 593 650 632 minutis
666 590 828 630 secundis
856 590 1016 643 spatium
1033 603 1053 630 e
1074 589 1216 642 pedum
1235 585 1396 626 abloluat
1417 619 1427 637 ‚

135 658 184 697 ita
247 669 288 697 vt
337 659 379 697 lit
409 658 431 698 k
469 669 520 695 z
542 661 661 704 I§see
703 653 858 706 pedum.
929 653 1014 693 Iam
1057 661 1183 692 motus
1214 651 1428 703 gyratorius

134 720 338 773 liiperficici
374 719 590 773 propositae
624 719 724 758 circa
764 729 880 757 axem
924 715 958 757 C
1000 726 1120 756 tantus
1161 715 1234 765 sit,
1265 723 1309 753 vt
1349 713 1430 752 eius

131 785 312 837 punstum
344 785 391 823 ab
424 795 495 822 axe
527 782 657 822 distans
692 781 888 821 interuallo
922 795 977 820 Ξ
997 777 1033 834 s
1053 788 1244 835 percurrat
1269 777 1429 831 spatium

133 860 157 887 u
192 848 330 900 pedum
373 847 518 899 singulis
556 846 710 885 minutis
753 844 947 896 secundis,
987 846 1040 885 ita
1082 854 1126 883 vt
1167 855 1190 882 u
1232 841 1428 894 exprimat

132 911 230 951 hane
266 911 533 959 celeritatem,
569 910 592 950 si
626 909 796 949 celeritas
830 909 939 948 venti
971 916 1189 963 exponatur
1227 905 1346 959 spatio
1378 916 1427 955 e,

132 976 233 1028 quod
267 977 402 1027 pariter
433 976 581 1014 minuto
613 973 775 1013 secundo
807 972 1018 1014 conficitur.
1082 971 1141 1013 Sit
1159 972 1236 1011 iam
1263 969 1429 1010 elemen-

136 1048 218 1076 tum
254 1040 500 1089 quodcunque
537 1037 745 1089 superficiei
781 1034 818 1076 Z
853 1039 892 1077 in
927 1037 1072 1078 sublimi
1092 1036 1258 1091 positum
1283 1067 1293 1086 ,
1327 1034 1431 1072 cuius

135 1112 220 1139 arca
270 1100 313 1139 sit
355 1098 490 1138 :dS
511 1132 520 1148 ,
556 1100 657 1138 vnde
703 1101 750 1138 ad
808 1100 962 1152 planum
1019 1101 1165 1140 tabulae
1213 1099 1429 1140 demittatur

135 1162 444 1216 perpendiculum
472 1159 508 1201 Z
529 1162 569 1201 Y
589 1175 644 1200 Ξ
663 1173 710 1201 z:
747 1163 918 1214 iungatur
946 1163 1046 1203 resta
1066 1161 1100 1202 C
1120 1163 1160 1202 Y
1183 1175 1237 1201 :z
1255 1175 1274 1202 s
1300 1193 1310 1211 ,
1329 1173 1426 1214 quae

139 1226 267 1279 puniti
302 1224 337 1265 Z
372 1226 581 1269 distantiam
618 1226 663 1264 ab
682 1237 756 1264 axe
776 1226 995 1278 praebebit,
1030 1235 1067 1265 et
1087 1224 1216 1279 punffi
1236 1220 1273 1264 Z
1299 1234 1431 1264 motus

136 1290 228 1328 circa
263 1302 373 1328 axem
411 1289 609 1328 conueniet
642 1300 730 1327 cum
766 1298 878 1327 motu
912 1289 1041 1340 pund‘ti
1075 1290 1116 1329 Y
1147 1289 1244 1330 circa
1265 1289 1430 1329 eundem

134 1364 261 1391 axem.
328 1350 428 1392 Cum
466 1361 591 1391 autem
628 1350 817 1390 distantiae
839 1347 876 1404 s
896 1351 943 1391 ab
963 1363 1037 1391 axe
1055 1352 1224 1394 celeritas
1243 1354 1286 1394 sit
1305 1366 1358 1392 z
1378 1365 1401 1392 u
1419 1386 1430 1405 ‚

134 1415 186 1455 ob
211 1426 362 1455 motum
391 1415 605 1468 angularem
633 1414 825 1455 distantiae
845 1413 929 1456 CY
947 1429 1028 1457 :s
1046 1418 1214 1459 celeritas
1231 1417 1430 1457 conueniet

132 1500 186 1526 z:
205 1479 246 1547 Es?
266 1519 276 1537 ,
310 1487 393 1540 quia
418 1485 582 1526 celeritas
625 1493 752 1525 motus
775 1485 960 1540 angularis
985 1485 1065 1529 sunt
1091 1488 1268 1530 distantiis
1285 1488 1332 1528 ab
1359 1499 1431 1528 axe

134 1556 451 1608 proportionales.
489 1554 654 1594 Habebit
674 1568 765 1608 crgo
785 1556 968 1608 punctum
999 1558 1039 1600 Y
1055 1561 1284 1601 celeritatem
1305 1571 1360 1598 z
1387 1550 1433 1616 '‘J-⁵

134 1618 331 1659 secundum
355 1618 604 1659 directionem
626 1619 701 1674 Yq
726 1621 770 1659 ad
799 1616 884 1662 CY
910 1622 947 1660 in
973 1624 1089 1675 plano
1116 1624 1254 1664 tabulae
1275 1635 1432 1664 norma-

136 1683 210 1722 lem
233 1715 243 1733 ,
263 1685 370 1736 eique
391 1683 547 1736 aequalis
567 1683 638 1722 erit
655 1684 822 1723 celeritas
843 1685 971 1739 pune'ti
992 1684 1028 1727 Z
1048 1698 1086 1727 et
1104 1690 1304 1729 (ecundum
1332 1687 1428 1726 dire-

134 1746 303 1786 &tionem
326 1747 392 1799 ipsi
413 1746 451 1787 Y
471 1761 505 1798 y
541 1747 772 1800 parallelam.
796 1748 910 1790 Venti
929 1762 1057 1791 autem
1077 1753 1115 1791 in
1137 1748 1175 1790 Z
1202 1751 1426 1791 incurrentis

134 1809 290 1849 directio
322 1811 393 1850 erit
437 1806 473 1850 Z
508 1810 548 1850 Y
597 1812 776 1851 normalis
808 1813 846 1852 iu
897 1814 1049 1867 planum
1104 1816 1250 1855 tabulae
1285 1815 1426 1868 quippe

133 1873 330 1913 directioni
371 1876 451 1914 axis
481 1873 514 1915 C
549 1876 753 1929 parallel-a,
789 1888 897 1931 atque
928 1879 1127 1918 secundum
1183 1878 1277 1918 hanc
1329 1878 1426 1917 dire-

133 1936 300 1976 ‹stionem
336 1939 370 1976 in
405 1940 634 1980 elementum
674 1938 711 1980 Z
732 1943 961 1995 impingeret
984 1975 994 1993 ,
1026 1943 1052 1982 si
1084 1942 1157 1982 hoc
1186 1943 1423 1983 elementum

135 2001 366 2054 quiel‘cerct3
404 2014 531 2042 verum
572 2017 661 2044 cum
705 2007 741 2045 id
796 2007 912 2058 iprum
968 2006 1009 2046 sit
1060 2007 1096 2045 in
1148 2018 1290 2060 motu,
1344 2018 1422 2046 tam

131 2065 302 2104 celeritas
337 2067 437 2104 tenti
459 2098 468 2116 ,
499 2080 611 2119 quam
646 2070 723 2110 eius
756 2070 944 2121 directio,
979 2083 1048 2123 qua
1081 2071 1316 2112 elementum
1338 2084 1421 2124 per-

128 2129 221 2168 cutit
239 2161 250 2179 ,
287 2129 372 2168 inde
394 2130 612 2170 mutabitur.
665 2134 728 2173 Ad
748 2146 861 2186 quam
882 2136 1133 2178 mutationem
1155 2136 1422 2176 inueniendam

150 2235 157 2249 t
179 2210 312 2251 from.
336 2210 407 2252 IV.
431 2211 541 2253 Nov.
563 2210 678 2254 Com.
872 2214 910 2257 G
1303 2218 1423 2258 eonci-
