2013 2703
367 329 514 389 DIE
605 325 1208 389 NlswiElzls

143 446 1430 512 QyISVNTAGGREGATADVORVM

470 544 1107 602 QVADRATORVM

391 666 743 711 Avcr.n
810 665 1159 707 EVLERQ

715 825 829 873 ᾳι

330 956 489 995 Aturam
531 966 776 996 numerorum
820 953 983 1008 pluribus
1019 955 1144 996 modis
1184 956 1334 999 scrutari
1373 959 1430 1000 so·

359 1019 708 1069 lentAritlimetici‚
725 1022 815 1059 dum
835 1032 968 1059 eorum
989 1020 1176 1072 originem
1198 1023 1259 1063 vel
1281 1036 1348 1077 per
1366 1025 1428 1065 ad-

356 1085 540 1123 ditionem
567 1083 630 1121 vel
650 1095 719 1134 pet
746 1082 1107 1136 multiplicationem
1140 1088 1428 1139 repraesentant.

137 1146 272 1186 Prioris
288 1146 431 1198 generis
450 1146 525 1185 sine
543 1145 660 1184 dubio
679 1145 944 1197 simpliciffima
963 1146 1014 1185 est
1034 1150 1270 1200 compositio
1286 1163 1338 1190 ex
1347 1153 1432 1192 vni-

140 1211 291 1259 tatibus,
312 1223 382 1262 qua
403 1221 537 1248 omnes
561 1209 706 1247 numeri
725 1209 861 1261 integri
891 1221 960 1262 per
979 1211 1284 1262 aggrcgitionem
1308 1216 1431 1255 vnita·

138 1283 218 1313 tum
239 1274 329 1312 oriri
354 1273 632 1325 concipiuntur.
679 1271 784 1310 Tum
806 1273 953 1311 numeri
972 1285 1121 1325 qnoque
1142 1275 1193 1314 ita
1211 1277 1431 1320 confidemri

136 1337 315 1390 possunt,
355 1337 483 1389 prouti
509 1347 559 1375 ex
594 1335 783 1376 additione
818 1336 981 1376 duorum
1016 1336 1231 1389 pluriumue
1269 1341 1430 1382 aliorum

133 1413 379 1442 numerorum
407 1402 640 1453 integrorum
675 1399 891 1451 nascuntur,
927 1413 1002 1453 quo
1037 1403 1196 1453 pertinet
1232 1404 1431 1456 problema

135 1466 181 1506 de
217 1466 422 1518 partitione
457 1477 703 1505 numerorum
731 1497 742 1515 ,
782 1466 883 1504 cuins
922 1463 1144 1504 solutionem
1185 1467 1327 1520 aliquot
1366 1470 1429 1510 ab-

135 1528 223 1570 hinc
257 1529 362 1568 anuis
392 1528 580 1582 exposui,
615 1530 655 1568 in
690 1541 767 1583 quo
801 1530 1016 1581 quaeritur,
1055 1539 1149 1582 quot
1194 1532 1301 1572 vania
1342 1546 1428 1573 mo-

136 1593 191 1632 dis
233 1592 387 1645 quilibet
431 1605 606 1632 numerus
649 1593 857 1645 propofitns
899 1606 968 1646 per
1000 1593 1232 1634 additionem
1266 1598 1429 1638 duorum

138 1657 348 1709 pliiriumtie
399 1668 645 1697 numerorum
699 1658 891 1698 minorum
940 1657 1109 1697 resultare
1160 1659 1280 1711 possit.
1354 1663 1429 1702 Hic

135 1732 265 1760 antem
300 1720 470 1760 constitui
503 1735 588 1761 eam
624 1733 874 1761 niimtrorum
910 1722 1234 1775 compositionem
1271 1737 1430 1778 perpen-

138 1783 224 1822 dtre
245 1817 254 1834 ,
303 1796 373 1837 qua
418 1797 485 1838 per
527 1785 758 1826 additionem
802 1785 959 1825 duorum
996 1786 1258 1839 quadratorum
1295 1791 1427 1838 prode·

140 1856 206 1884 unt
245 1861 256 1897 ·,
289 1857 324 1885 et
356 1860 443 1887 cnm
478 1849 553 1889 hoc
591 1850 710 1888 modo
746 1862 822 1887 non
860 1861 994 1889 omnes
1039 1851 1185 1889 numeri
1230 1851 1430 1904 oriantur,

138 1910 318 1961 quoni-„im
341 1911 466 1963 ingens
485 1913 536 1952 est
568 1925 702 1952 corum
737 1913 938 1953 multitudo
957 1945 967 1963 ,
998 1915 1058 1966 qui
1094 1926 1162 1966 per
1193 1914 1430 1957 additionem

138 1974 301 2011 duorum
338 1977 594 2024 quadr-atinim
631 1977 784 2030 produci
820 1987 1038 2030 nequeunt,
1072 1978 1107 2017 in
1148 1990 1280 2018 corum
1324 1991 1432 2021 natu-

139 2049 218 2076 ram
255 2048 289 2075 ct
325 2040 573 2089 proprietates
607 2072 616 2087 ,
669 2043 728 2094 qui
765 2040 845 2080 iiint
880 2040 1045 2082 summae
1080 2044 1243 2081 duorum
1276 2046 1435 2096 qnadra-

137 2109 266 2141 torum
305 2129 315 2148 ,
366 2101 429 2141 liic
474 2102 670 2157 inquiram.
745 2105 919 2159 Quarum
956 2115 1238 2162 proprietatum
1287 2109 1433 2149 enimsi

729 2169 769 2208 A
810 2181 834 2207 2
1290 2173 1436 2226 plerae-
