2013 2703
715 150 914 212 )(45)(

160 283 370 334 Gmelinus,
404 297 479 340 quo
509 293 645 324 omnes
676 281 954 322 obseruationes
985 282 1060 324 (iias
1092 284 1138 324 ad
1158 284 1362 341 HIstoriam
1395 288 1487 330 Na4

158 350 318 392 ruralem
353 349 563 404 spec‘tautcs
584 379 594 397 ‚
631 359 719 387 cum
754 346 964 386 nouissimis
996 349 1240 402 scriptoribus
1288 353 1449 393 collatas
1470 383 1484 405 ,

161 425 203 455 et
235 415 330 454 iusto
363 415 494 454 ordine
547 411 772 464 dispositas,
826 410 1043 462 singillatim
1089 414 1201 453 edere
1237 427 1305 468 per
1362 428 1489 471 partes

159 478 306 532 poffiet,
341 479 474 518 eadem
510 477 677 525 ratione,
712 484 753 512 vt
772 473 807 512 F
809 473 925 512 lolam
943 473 1146 516 Siln‘ricam
1177 478 1287 517 edere
1323 480 1485 533 incepit.

160 542 507 597 Quemadmodum
544 549 672 578 autem
706 548 776 575 nec
808 536 904 574 hanc
947 538 1046 576 vltra
1079 541 1236 579 tertium
1274 542 1485 597 'romum'

159 619 285 658 pauco
319 617 406 644 ante
450 603 600 641 obitum
646 610 826 651 tempore
849 630 860 649 ,
894 601 1110 651 produxit:
1161 603 1213 642 ita
1248 605 1347 645 nihil
1402 607 1480 657 est,

154 669 256 722 quod
290 670 334 706 de
370 665 521 716 reliquis
553 665 633 703 eius
674 663 874 715 operibus,
927 664 994 703 nisi
1031 664 1113 715 ita,
1155 676 1197 705 vt
1246 667 1325 708 iam
1371 682 1484 722 agere

157 731 380 783 incipimus,
412 728 619 781 speremus.
692 727 869 766 Putamus
886 739 1068 780 quoque,
1102 728 1290 770 leetorem
1327 734 1368 772 in
1405 734 1481 783 his,

149 805 242 846 quas
290 805 389 832 nunc
446 794 619 845 publicae
672 792 744 830 luci
795 791 928 831 damus
954 822 967 842 ,
1019 792 1346 834 obseruationibus
1398 809 1480 839 non

150 858 272 898 multa
307 856 600 897 desideraturum
636 855 712 894 esse
734 886 746 906 ,
782 855 809 895 si
840 855 1090 894 collationem
1129 870 1216 897 cum
1257 861 1480 900 recentiori-

155 921 220 962 bus
252 921 442 962 Historiae
476 922 648 961 naturalis
681 918 937 972 Scriptoribus
971 919 1177 973 excipias,
1219 935 1334 974 quam
1369 923 1482 966 facile

148 984 307 1039 quisque
342 986 407 1025 suo
442 995 565 1025 marte
607 983 812 1038 supplebit-

303 1119 403 1159 Mus
436 1119 651 1168 Aquam-us
671 1148 681 1165 ‚
717 1118 765 1156 de
796 1129 874 1168 quo
906 1116 972 1158 hic
1006 1120 1131 1171 agitur
1150 1150 1161 1170 ,
1214 1120 1365 1163 Ruffiae
1418 1118 1480 1162 inss

149 1179 290 1231 digena
323 1179 405 1229 est,
448 1177 599 1230 Volgae
642 1187 680 1217 et
713 1176 820 1216 laico
836 1177 960 1217 fluuiis
992 1180 1200 1220 familiaris.
1264 1182 1311 1223 In
1343 1183 1480 1226 Sibiria

149 1243 325 1293 nusquam
369 1241 525 1280 habitat.
596 1240 826 1292 Opportune
858 1241 982 1291 itaque
996 1234 1224 1294 'Gmelinus‚
1259 1245 1297 1283 in
1339 1246 1480 1287 itinere

143 1302 308 1346 Sibirico
339 1301 475 1343 Cafimi
510 1302 680 1356 aliquam
718 1313 873 1342 moram
927 1301 1099 1353 faciens,
1152 1306 1352 1347 occasione
1406 1311 1476 1351 sibi

146 1367 300 1418 oblata,
345 1366 523 1418 animal,
559 1375 601 1406 vt
637 1367 684 1407 ab
717 1365 940 1406 hominibus
973 1366 1182 1419 piscaturae
1217 1369 1374 1410 intentis
1425 1385 1478 1414 ex

146 1431 268 1473 fluuio
303 1431 516 1472 extractum
552 1440 655 1482 crat,
689 1430 878 1479 videndi,
911 1429 995 1469 vsus
1025 1431 1077 1470 est
1100 1461 1112 1481 ,
1148 1433 1244 1472 dum
1279 1434 1377 1474 illius
1396 1448 1476 1477 non

143 1507 345 1536 externam
388 1504 537 1535 tantum
590 1493 758 1534 formam
813 1493 1032 1546 descripsit,
1081 1494 1140 1535 sed
1172 1505 1211 1535 et
1240 1506 1364 1549 partes
1396 1501 1479 1540 eius

143 1561 352 1612 genitales,
402 1569 530 1600 ortum
566 1559 693 1598 odoris
727 1556 954 1609 Moschici,
1008 1570 1086 1612 quo
1118 1559 1263 1600 animal
1316 1563 1438 1614 pollet
1458 1595 1473 1616 ,

143 1623 390 1677 inuestigandi
425 1623 576 1676 gratia,
626 1622 749 1663 cultro
799 1623 1022 1662 anatomico
1058 1621 1223 1664 subiecit.
1290 1625 1395 1680 Quid
1432 1629 1472 1669 in

141 1685 217 1727 hoc
253 1688 413 1740 negotio
448 1686 701 1740 praestiterit,
755 1686 963 1738 praeconio
1009 1686 1140 1726 nostro
1174 1700 1253 1727 non
1307 1691 1469 1743 indiget.

141 1751 252 1790 Alias
283 1751 565 1791 obseruationes
597 1752 760 1790 adiicere
793 1749 941 1789 animus
974 1749 1054 1799 est,
1087 1763 1180 1804 quae
1222 1752 1470 1806 descriptioni

141 1801 404 1856 Gmelinianbe
433 1814 547 1855 instar
578 1814 833 1868 supplementi
865 1812 1084 1853 inseruiant.

291 1944 416 1986 Recte
450 1946 635 1987 Αιιξὶοτεε
666 1943 855 1984 Historiae
882 1940 1077 1985 Naturalis
1117 1943 1331 1997 nouiffimi‚
1371 1947 1470 1989 Lina

136 2016 257 2046 naeus
292 2017 329 2046 et
367 2008 531 2052 Kleinius
552 2044 561 2061 ,
594 2011 664 2049 viri
696 2008 963 2057 celeberrimi,
994 2019 1032 2046 et
1051 2007 1196 2047 nostrae
1233 2011 1469 2052 Academiae

143 2068 248 2110 Socii
269 2071 469 2123 digniffimi
483 2104 496 2124 ,
529 2069 668 2115 Muris
701 2074 871 2127 aquatici
886 2073 1022 2113 exotici
1040 2083 1183 2111 nomen
1197 2104 1207 2122 ,
1229 2086 1304 2126 quo
1319 2073 1468 2126 Clufius

138 2143 189 2174 ct
219 2135 341 2178 Raius
376 2136 428 2178 vsi
459 2136 573 2190 sunt,
601 2139 904 2193 repudiauerunt.
966 2133 1121 2180 Scilicet
1150 2135 1228 2178 hoc
1259 2137 1334 2177 illis
1358 2149 1467 2179 tem-

779 2203 795 2241 1
812 2211 838 2249 3
1306 2203 1468 2256 peribu
