2013 2703
556 165 649 215 276
681 159 828 207 SOLV
831 161 879 204 T.
904 160 975 204 IN
996 154 1114 201 DIV.
1134 154 1318 200 TEMP.
1348 155 1436 200 AD
1453 154 1634 202 MENS.
1667 157 1806 203 RED.

548 281 675 332 deris,
706 280 810 334 quod
841 277 956 318 cubus
985 276 1137 331 Exper.
1171 275 1476 332 I.26.min.pr.
1505 274 1547 318 Si
1586 289 1680 331 ergo
1711 279 1840 332 graui-

545 354 600 385 tas
637 342 807 397 specifica
839 342 1064 382 cubulorum
1099 341 1272 382 constans
1307 342 1524 393 mansiffet,
1561 342 1679 395 figura
1711 343 1841 385 eubuli

544 409 749 460 Experim.
787 405 842 445 11.
876 405 1074 446 interuallo
1114 405 1302 447 tredecim
1334 407 1475 447 minut.
1506 420 1565 461 pr.
1597 407 1765 447 similiter
1798 417 1841 448 et

545 470 752 524 aequaliter
791 479 932 509 mutata
974 468 1095 510 fuitset
1135 483 1179 510 ae
1221 468 1343 523 figura
1381 471 1504 511 eubuli
1548 470 1753 523 Experim.
1798 473 1837 512 Ι.

545 533 747 574 interuallo
783 537 855 575 26.
876 534 973 572 min..
997 547 1054 586 pr.
1123 533 1273 575 Solutio
1306 535 1372 574 tali
1403 536 1550 575 ratiOue
1594 534 1712 575 fuiffet
1747 546 1839 575 con-

545 599 683 639 stanter
716 598 877 651 aemulis
913 599 951 636 in
988 600 1228 651 temporibus
1258 599 1466 640 minoribus
1483 599 1628 639 dietam
1648 599 1840 640 rationem

550 662 788 703 habentibus.
860 661 948 702 Hoc
984 674 1078 700 vero
1113 675 1189 701 non
1227 663 1393 702 obtinuit
1425 663 1656 703 exat-”tiffime
1684 672 1846 717 propter

548 729 773 780 grauitatem
827 724 1044 780 specificam
1089 726 1186 765 ἧπτε
1225 726 1418 777 dispariter
1458 736 1644 767 mutatam
1684 728 1844 767 durante

549 791 737 830 solutione
768 800 808 829 et
842 790 893 829 ob
929 789 1283 841 homogeueitatem
1315 790 1535 829 cubulorum
1581 792 1706 829 minus
1749 802 1844 843 per,

548 854 704 894 festam,
780 854 958 909 Quinque
993 866 1097 892 enim
1135 854 1232 893 min.
1253 865 1308 905 pr.
1340 853 1492 905 quidem
1536 853 1691 892 eubulus
1724 854 1835 906 Exp.

549 916 602 958 11.
624 919 911 958 decrementum
935 930 1009 968 41.
1031 932 1060 968 4
1079 929 1183 969 gran.
1222 916 1338 970 paffus
1372 917 1427 956 est
1445 949 1455 968 ,
1490 926 1530 955 et
1555 917 1706 956 eubulus
1732 917 1843 971 Exp.

548 980 579 1021 1.
616 982 717 1021 idem
753 982 919 1022 decrem.
955 993 1027 1029 41.
1053 994 1082 1028 4
1122 992 1223 1032 gran.
1280 981 1413 1019 decem
1467 980 1627 1019 minutis
1678 981 1843 1031 primis:

547 1044 783 1098 sequentibus
802 1054 930 1082 tamen
949 1044 1112 1096 quinque
1147 1042 1303 1080 minutis
1336 1055 1393 1094 pr.
1430 1043 1581 1082 eubulus
1607 1043 1755 1094 Exper.
1783 1042 1844 1084 Il.

547 1109 836 1147 decrementum
876 1109 949 1152 36.
971 1110 999 1144 6
1036 1118 1092 1158 gr.
1129 1115 1167 1144 et
1200 1105 1355 1145 eubulus
1390 1104 1840 1159 Exper.1.responden-

548 1172 644 1213 tibus
683 1183 751 1209 10.
786 1171 881 1211 min.
920 1183 977 1223 pr.
1014 1172 1119 1220 41.6
1154 1181 1256 1222 gran.
1297 1170 1416 1222 paffus
1446 1170 1514 1210 est.
1581 1170 1753 1212 Rcfiduis
1769 1172 1842 1213 tri-

547 1236 612 1277 bus
646 1234 800 1276 minutis
833 1233 984 1274 eubulus
1017 1234 1166 1286 Exper.
1204 1232 1262 1273 11.
1300 1246 1370 1273 22.
1424 1246 1633 1288 granorum
1651 1236 1840 1276 iacturam

547 1299 635 1341 feeit
656 1332 668 1350 ‚
700 1297 857 1340 eubulus
887 1296 1156 1350 Experimenti
1189 1295 1224 1336 Ι.
1258 1309 1352 1336 vero
1389 1301 1430 1336 6.
1467 1299 1562 1338 min.
1584 1311 1645 1351 pr.
1682 1297 1838 1352 respou-

546 1363 723 1404 dentibus
760 1366 845 1412 20}
878 1373 986 1415 gmn.

663 1427 698 1475 ξ.
739 1439 756 1466 1
772 1438 810 1465 1.
831 1423 1088 1476 Diserepantia
1108 1456 1118 1473 ,
1140 1422 1175 1471 (5.
1194 1421 1444 1476 praecedente
1464 1422 1624 1462 indieata
1645 1453 1656 1471 ,
1683 1434 1761 1463 non
1782 1423 1838 1464 est

546 1501 682 1543 tanta,
716 1499 762 1530 vt
782 1502 863 1530 non
893 1487 1052 1531 afferere
1085 1487 1205 1537 liceat,
1240 1486 1440 1525 solutiones
1475 1486 1536 1525 sub
1582 1487 1840 1538 temperiebus

548 1568 625 1608 42.
658 1566 696 1596 et
734 1560 804 1604 84.
841 1554 1026 1608 graduum
1059 1550 1224 1591 Therm.
1262 1551 1305 1590 F.
1336 1548 1396 1590 sub
1427 1549 1611 1589 similibus
1643 1560 1835 1589 caeterum

545 1618 836 1661 circumstantiis
873 1628 913 1658 et
951 1615 1162 1670 aequalibus
1192 1614 1428 1667 temporibus
1456 1613 1588 1663 fuisse,
1627 1623 1670 1651 vt
1706 1626 1747 1651 1.
1789 1614 1837 1654 ad

551 1697 594 1724 2.
628 1693 667 1723 et
700 1682 973 1736 consequenter
1022 1681 1062 1720 in
1113 1679 1257 1719 ratione
1306 1677 1490 1729 graduum
1540 1676 1835 1716 Thermometri

549 1748 592 1790 F.
627 1748 730 1801 supra
766 1760 813 1786 0.
842 1746 945 1802 Quid
977 1745 1003 1786 fi
1039 1744 1140 1782 idern
1176 1744 1364 1782 obtineret
1398 1743 1434 1781 iu
1484 1740 1731 1780 solutionibus
1768 1741 1835 1780 sub

548 1813 698 1865 reliquis
731 1811 902 1864 gradibus
936 1808 1227 1850 Thermometri
1251 1805 1269 1846 ζ
1298 1805 1445 1845 Nonne
1477 1807 1527 1843 itu
1547 1804 1679 1857 gradus
1707 1803 1828 1843 Ther.

549 1876 730 1916 monutri
753 1874 794 1914 F.
833 1875 1099 1927 exprimerent
1117 1871 1323 1909 celeritates
1342 1869 1571 1910 {blutionum
1595 1899 1606 1918 ,
1628 1879 1725 1920 quae
1751 1867 1833 1921 qui-

548 1939 637 1979 dem
674 1938 834 1977 maiores
869 1937 1023 1987 stitit,si
1052 1935 1192 1974 calon-s
1226 1934 1304 1972 sunt
1339 1935 1530 1982 maiores,
1567 1935 1737 1972 noudum
1773 1944 1833 1972 ta-

551 2015 640 2043 men
675 2001 771 2040 forte
825 2002 965 2041 calores
1014 1997 1111 2052 ipsos
1149 2001 1358 2037 menlurare
1412 2007 1604 2051 poterunt.
1669 1995 1831 2036 Interim

550 2064 739 2106 diuisionis
775 2065 1067 2107 'rhei-moment
1112 2061 1141 2102 F
1145 2092 1155 2101 .
1205 2062 1425 2118 praestantia
1457 2072 1550 2117 prae
1594 2060 1830 2114 reliquorum

1703 2122 1831 2164 Thet-
