2013 2703
630 163 744 213 “4302ss
777 173 804 201 0
840 159 953 210 ἓῖεὲω
1066 159 1072 166 ’
1335 171 1424 210 393

465 269 1138 330 DESCRIPTIO

172 390 522 436 ANlMALIS
574 390 707 433 MOS
723 389 998 433 CHIFERI
1020 423 1030 442 ,
1077 388 1419 436 KABARGA.

668 486 717 528 ·D
740 485 808 527 [C
829 488 865 527 'l'
886 487 915 527 l.

411 675 539 713 Αιιίὲονε
579 674 599 711 Ι
616 674 657 710 O.
698 671 733 710 G
750 673 781 710 E
797 672 836 708 Ο.
879 671 913 709 G
934 673 976 710 M
992 673 1024 710 E
1040 674 1070 710 L
1086 675 1103 712 l
1118 676 1165 712 Ν.

150 799 297 935 Inter
322 837 710 891 praecipuoslaborcs
728 869 737 889 ‚
755 836 995 880 *Krnsnoiarii
1031 837 1281 892 suscipiendos
1301 872 1311 891 ,
1332 838 1433 881 hune

245 901 340 942 mihi
360 901 576 956 praescripsi
596 935 606 953 ,
642 912 686 941 vt
705 935 715 954 ‚
748 914 843 955 quae
861 901 912 941 ibi
932 903 979 942 de
999 902 1175 942 Animah
1194 903 1435 946 Moschifero

150 966 366 1018 comperire
388 964 532 1018 postem
546 998 556 1016 ,
575 966 773 1018 diligenter
792 975 1036 1017 annotarem,
1056 979 1144 1007 cum
1165 968 1264 1008 inter
1283 969 1436 1021 cognita

139 1039 190 1068 et
223 1027 406 1082 descripta
439 1029 560 1069 adhuc
593 1030 767 1070 animalia
802 1041 919 1080 pauca
953 1029 1020 1067 sint
1039 1060 1049 1079 ,
1099 1042 1263 1083 qnorum
1296 1032 1435 1071 descri-

149 1092 307 1145 ptiones
336 1093 611 1135 emendatione
643 1102 743 1131 tanta
766 1101 875 1143 egere
896 1091 1091 1131 videantur
1111 1125 1122 1143 ,
1153 1104 1193 1132 ac
1218 1094 1292 1134 hoc
1312 1094 1434 1148 ipsum

141 1156 312 1196 animal.
348 1155 406 1195 lta
441 1168 534 1195 vero
567 1157 661 1196 votis
693 1156 790 1194 meis
822 1154 968 1194 fortuna
1003 1154 1122 1207 fiiuit,
1155 1166 1197 1196 vt
1231 1157 1300 1197 tria
1326 1157 1436 1203 huius

152 1223 299 1271 generis
315 1220 488 1264 animalia
513 1250 523 1269 ‚
563 1221 641 1261 duo
673 1216 858 1266 mascula,
895 1230 1014 1257 vnum
1033 1217 1283 1261 foemininum
1304 1253 1315 1272 ,
1359 1233 1436 1275 ope

151 1282 336 1323 Praefedti
371 1284 476 1322 huius
511 1283 583 1322 loci
619 1282 664 1321 ad
710 1279 976 1335 disquisitiones
1018 1294 1121 1322 meas
1172 1284 1401 1326 obtinuerim
1422 1316 1434 1336 ,

154 1358 174 1385 e
208 1348 339 1399 quibus
377 1346 669 1398 descriptionem
712 1346 763 1384 ita
803 1338 1025 1395 adernam,
1069 1356 1110 1385 vt
1152 1359 1246 1399 quae
1290 1349 1436 1401 Vtrique

151 1398 254 1448 sex‘ui
290 1409 511 1450 communia
535 1440 546 1459 ‚
578 1421 666 1462 quae
686 1407 1137 1463 propria—obieruauerim
1159 1442 1169 1461 ,
1202 1412 1324 1464 probe
1341 1413 1436 1453 inter

153 1472 477 1525 fi:‚disti11guam,
519 1486 653 1525 parum
698 1482 897 1525 occupatus
940 1473 978 1512 in
1028 1473 1232 1514 refitllendis
1273 1476 1436 1516 aliorum

155 1536 338 1574 erroribus
358 1567 368 1585 ,
398 1537 462 1588 qui
492 1536 747 1588 descriptione
779 1536 879 1576 fideli
899 1545 951 1576 et
969 1538 1013 1577 ad
1035 1537 1166 1578 viuum
1185 1538 1280 1579 Ειᾶτι
1305 1539 1437 1594 sponte

155 1597 403 1637 collabuntur.

305 1658 613 1701 Delineationem
648 1663 822 1704 animalis
855 1664 997 1705 nullam
1030 1663 1111 1705 fieri
1145 1667 1299 1718 curaui,
1350 1667 1437 1720 qnia

156 1735 230 1772 ca,
264 1736 379 1776 quam
434 1722 584 1765 Isbrand
621 1726 704 1766 Ides
734 1728 867 1779 dedit,
914 1729 1117 1768 meliorem
1161 1731 1208 1770 ab
1247 1731 1440 1784 exemplis

158 1788 320 1831 mortuis
354 1788 495 1827 delumi
530 1789 630 1842 polle
662 1803 740 1830 non
771 1791 926 1845 speraui.
999 1789 1202 1833 Caeterum
1237 1795 1266 1833 is
1302 1797 1338 1833 in
1385 1793 1434 1833 ls-

159 1851 287 1894 brandi
321 1851 438 1903 figura
474 1854 688 1906 praecipuus
720 1855 885 1896 defectus
917 1856 969 1895 est
989 1889 999 1907 ,
1034 1858 1136 1908 quod
1166 1869 1292 1898 venter
1325 1857 1439 1898 nimis

159 1917 382 1972 prominet,
416 1925 454 1954 et
486 1917 624 1956 animal
664 1917 737 1958 fine
779 1920 863 1973 pilis
914 1919 1218 1973 repraesentatur.
1305 1921 1439 1963 Refert

159 1980 233 2021 hoc
268 1978 407 2021 animal
442 1977 565 2019 forma
595 1990 752 2022 externa
781 1984 1000 2036 capreolum
1031 2015 1041 2033 ,
1075 1984 1242 2038 intellige
1268 1985 1440 2026 auriculis

155 2044 304 2097 longis,
338 2043 440 2082 collo
473 2042 607 2094 breui,
651 2047 789 2097 pedum
826 2048 1062 2100 longitudine
1085 2079 1096 2097 ,
1132 2058 1171 2087 et
1203 2051 1337 2100 canda,
1374 2048 1439 2090 vel

160 2109 259 2148 nulla
281 2140 290 2157 ,
325 2106 385 2144 vel
421 2106 488 2145 vix
521 2107 733 2160 conspicua.
777 2109 969 2165 Capreolo
1000 2124 1093 2153 vero
1126 2112 1256 2155 statura
1289 2112 1441 2156 inferius

222 2171 346 2212 Tom.
367 2168 438 2210 lV.
473 2169 581 2212 Nou.
606 2169 723 2212 Corn.
884 2174 995 2217 Ddd
1371 2176 1436 2216 est.
