2013 2703
514 150 606 199 376
651 145 739 188 DE
771 139 1220 189 COHAESIONE
1251 136 1664 188 SOLIDORVM

510 265 754 314 animalium,
789 260 966 301 deciduae
998 257 1204 299 redduntur
1237 256 1378 299 telluris
1412 261 1562 312 gremio
1596 257 1703 315 (a).
1738 259 1802 302 Im

510 331 620 368 terim
659 339 736 366 non
771 325 921 374 semper
951 322 998 362 ad
1033 325 1236 363 matricem
1279 323 1380 362 iiiam
1425 324 1609 375 redeunt,
1651 326 1797 378 reliquis

505 391 728 443 corporibus
761 386 923 426 intactis.
968 386 1173 426 Mercurius
1208 388 1295 439 igne
1339 385 1502 439 simplici
1537 386 1700 428 eleuatur
1720 420 1731 438 ,
1762 398 1803 428 et

507 466 575 507 per
610 464 738 492 auram
774 451 954 504 dispersus
994 451 1181 503 particulis
1216 449 1459 489 inuisibilibus
1492 461 1628 503 corpus
1668 450 1801 491 huma-

504 528 597 556 num
641 516 756 556 intrat
791 545 802 563 ,
862 514 935 554 hoc
996 514 1034 552 in
1097 514 1345 566 ptyalilmum
1396 514 1527 553 incitat
1565 545 1576 566 ,
1636 513 1802 567 dumque

503 580 676 632 rapitur,
718 579 766 618 de
799 577 964 617 metallis
1003 577 1122 616 obuiis
1163 577 1303 630 aliquid
1337 576 1452 616 aufert
1503 573 1603 630 (b).
1641 576 1808 630 Vegeta-

504 642 639 682 bilium
674 651 799 680 autem
843 651 880 680 et
930 642 1188 694 quorumdam
1239 640 1457 679 animalium
1501 639 1621 680 exusti
1662 641 1810 679 cineres

505 707 598 745 dant
633 705 787 745 Ferrum
825 716 961 743 verum
991 703 1250 756 conspicuum.
1284 702 1421 743 Scribit
1442 703 1662 744 loachimus
1682 702 1808 743 Beck-

505 769 571 809 ker
605 771 656 820 (c)
678 799 688 813 ‚
728 768 798 808 sese
833 780 885 808 ex
915 767 1045 820 argilla
1081 768 1225 820 vulgari
1266 780 1353 807 cum
1393 767 1481 806 oleo
1531 767 1808 807 terebinthinae

504 832 652 873 subac‘ta
697 832 872 884 globulos
918 831 1063 871 formae
1101 831 1409 884 sclopetariorum
1461 828 1699 882 confecisse,
1737 840 1808 880 et,

506 896 591 948 post
622 895 752 935 oleum
790 894 1094 947 philosophicum
1131 895 1216 934 inde
1235 895 1482 934 destillatione
1511 892 1678 933 ablatum
1700 925 1712 945 ,
1749 905 1805 933 re-

507 959 651 999 fiduum
707 959 745 997 in
798 957 928 1010 pollen
980 957 1224 1009 impalpabile
1276 956 1413 996 triuiffe
1449 987 1460 1005 ,
1512 967 1560 994 ex
1610 970 1683 1008 quo
1738 968 1807 1008 pet

507 1031 730 1073 magnetem
765 1022 967 1060 admotum
1006 1019 1159 1071 spiculas
1192 1021 1376 1058 extraxit.
1442 1016 1621 1070 Geofroy
1660 1019 1718 1067 (d)
1753 1031 1808 1059 ex

507 1085 613 1136 nigra
646 1083 748 1122 faece
781 1082 899 1122 lucida
934 1081 1007 1120 olei
1045 1081 1183 1120 vitrioli
1217 1091 1254 1120 et
1299 1082 1586 1121 terebenthinae
1619 1083 1732 1122 mixti
1764 1091 1807 1122 et

508 1146 677 1186 destillati
708 1146 842 1186 eadem
879 1144 1054 1195 inuenit,
1102 1156 1196 1198 quae
1231 1157 1279 1184 ex
1320 1144 1387 1185 suis
1427 1157 1524 1185 mox
1566 1154 1808 1187 memoratus

508 1208 734 1250 Bekkerus:
788 1207 957 1248 affirmat
991 1207 1158 1258 deinde,
1210 1209 1312 1258 qnod
1361 1209 1449 1248 loco
1483 1209 1632 1261 argillae
1684 1210 1808 1263 captis

508 1273 696 1313 cineribus
729 1272 872 1311 diuersis
903 1271 1115 1324 plantarum
1139 1303 1149 1322 ,
1183 1272 1304 1311 nullos
1332 1271 1469 1312 horum
1492 1272 1705 1323 inuenerit,
1741 1274 1805 1326 qui

510 1348 588 1376 non
622 1337 802 1376 dederunt
840 1334 1009 1386 magneti
1045 1334 1287 1374 adhaerentia
1323 1335 1506 1386 granula,
1541 1347 1633 1386 quae
1668 1348 1802 1375 verum

509 1400 651 1439 ferrum
675 1396 751 1438 else
772 1398 857 1437 inde
878 1408 1060 1449 apparent
1081 1429 1091 1448 ‚
1126 1398 1227 1449 quod
1249 1397 1396 1448 speculo
1415 1396 1578 1434 caustico
1596 1397 1769 1449 exposita
1788 1430 1801 1449 ,

511 1461 678 1516 perfee'te
712 1462 903 1513 patiuntur
935 1470 972 1498 et
1006 1460 1093 1498 dant
1125 1460 1257 1497 omnia
1294 1458 1352 1496 illa
1376 1458 1642 1510 phaenomena
1663 1493 1673 1510 ,
1707 1473 1802 1513 qnae

512 1525 672 1566 exhibet
707 1524 752 1563 de
789 1524 935 1562 minera
969 1521 1026 1560 sna
1062 1521 1267 1574 separatum
1314 1520 1452 1560 ferrum
1494 1535 1505 1572 3
1557 1523 1656 1574 quod
1700 1523 1801 1563 adest

514 1591 554 1629 in
585 1587 719 1627 exustis
750 1589 862 1625 etiam
895 1585 1143 1638 millepedam
1170 1595 1209 1623 et
1229 1583 1379 1623 castorei
1399 1585 1582 1623 cinci-ibin
1610 1583 1672 1639 (e).
1708 1586 1805 1641 Quis

515 1662 642 1692 autem
664 1650 834 1697 definiet,
856 1650 946 1688 dato
966 1648 1078 1688 semel
1099 1660 1271 1701 corpore,
1291 1647 1392 1699 quod
1422 1659 1570 1698 aurum,
1589 1659 1804 1701 argentum,

517 1716 730 1767 reliquaque
767 1713 913 1753 metalla
951 1714 998 1751 ita
1030 1711 1184 1750 attrahit
1213 1740 1221 1752 ,
1269 1711 1324 1748 vti
1367 1723 1520 1762 magnes
1554 1709 1691 1751 ferrum
1712 1745 1722 1763 ,
1757 1725 1804 1752 an

517 1791 592 1818 non
613 1777 745 1817 similia
766 1776 903 1816 horum
925 1774 1059 1828 spicula
1081 1774 1296 1814 elicerentur
1320 1773 1364 1812 de
1392 1774 1613 1827 corporibus
1640 1776 1805 1816 combu-

519 1839 618 1882 stis?
646 1841 746 1894 qnod
779 1841 871 1880 dum
893 1851 969 1879 non
990 1837 1143 1878 affirmo
1163 1870 1173 1890 ‚
1212 1837 1325 1877 etiam
1354 1849 1487 1890 negare
1514 1849 1591 1878 non
1623 1839 1802 1880 auderem

1718 1903 1804 1943 Nec

524 1995 573 2043 (α’
608 1995 687 2030 lb3d.
719 2009 786 2041 pag.
821 2010 902 2040 494.
911 1971 1805 1986 *mh-m

523 2044 573 2093 (l)
601 2044 679 2078 lbd.
709 2058 774 2091 pig.
807 2057 888 2086 492-

523 2098 568 2142 (cl
597 2098 631 2130 ln
661 2093 783 2140 Phyma
811 2094 1002 2127 subicrmnea.

529 2143 578 2188 (dl
603 2142 779 2178 Μςιηοίτςς
804 2141 1054 2176 dclAc1<l.de
1079 2141 1190 2178 Scitne.
1221 2155 1325 2190 1704.
1361 2154 1431 2193 pag.
1459 2149 1541 2185 285.
1574 2148 1650 2180 286.

531 2192 688 2243 (llbid
720 2199 822 2238 ¹706·
852 2205 919 2241 ing
951 2203 1028 2234 529
