2013 2703
736 175 777 237 l(
814 181 871 232 63
907 174 948 237 l(

156 309 291 354 Kleinii
325 307 526 367 Quadrup.
578 320 618 362 p.
659 312 730 350 18.
783 305 1058 361 diligentiffimi
1107 305 1196 350 alias
1238 316 1393 351 naturae
1414 308 1481 347 ob<

151 375 373 426 seruatoris,
407 385 628 414 memorare
666 371 798 423 lubet,
830 372 974 412 collum
1019 373 1240 427 protensum
1264 406 1275 426 ,
1312 374 1401 414 sicut
1432 372 1484 414 est

155 440 195 479 in
234 441 344 480 icone
374 436 653 479 Schroeckiana
676 468 688 489 ,
723 449 797 490 pro
831 437 987 477 naturali
1019 438 1193 478 animalis
1225 438 1404 491 qualitate
1420 437 1488 478 ha-

159 504 296 544 bcutis.
384 503 518 542 Taceo
570 502 699 541 icones
749 497 904 552 Gesneri
924 533 935 551 ,
987 499 1220 543 Calceolarii
1250 535 1259 553 ,
1308 501 1450 554 qunziz·
1477 534 1487 552 ,

161 580 328 621 quorum
365 578 514 606 errores
548 566 625 604 iam
662 564 710 603 ab
742 563 821 603 aliis
851 563 1004 604 indicati
1037 567 1130 604 lunt.
1200 567 1265 606 Ad
1301 565 1492 606 folliculo-

161 644 250 671 rum
286 632 414 671 icones
447 628 545 681 quod
589 628 759 678 attinet,
801 626 926 666 minus
961 637 1126 669 erratum
1162 629 1244 680 cst,
1288 631 1376 682 quia
1418 630 1490 682 ipsi

162 694 318 735 folliculi
352 693 391 732 in
423 692 624 745 Europam
661 691 756 732 haud
779 689 989 732 difficulter
1008 692 1250 747 transportari
1269 703 1488 748 potuerunt.

160 758 243 799 Alii
279 755 501 796 tenuissimis
548 756 630 810 pilis
672 755 818 806 obsiti,
860 764 924 795 aut
959 754 1038 796 sere
1078 758 1256 810 depiles,
1297 758 1358 798 alii
1404 759 1493 811 pilis

160 820 394 862 crassioribus
427 830 467 861 et
500 819 740 874 longioribus
771 819 882 871 testi,
915 832 1132 861 cernuntur.
1199 821 1254 862 Et
1288 833 1494 876 Vtrumque

160 885 278 926 recte.
347 885 454 925 Haec
488 886 634 926 etenim
669 885 881 925 differentia
917 885 968 924 est
1001 886 1100 925 inter
1117 884 1300 927 folliculos
1326 886 1497 927 moschi-

160 962 250 1000 cos,
286 962 340 990 ex
372 949 522 990 Tibeto
553 960 594 990 et
625 948 728 990 Sinis
745 948 1036 1003 prominentes,
1070 959 1110 990 et
1144 950 1255 1003 illos,
1285 951 1406 1004 quiin
1438 949 1496 991 Si·

161 1014 258 1055 biria
290 1014 501 1054 nascuntur.
557 1013 639 1054 Hac
660 1013 826 1067 dignosci
866 1012 1049 1068 poffunt,
1090 1015 1211 1056 etiam
1247 1015 1378 1068 absque
1412 1024 1498 1056 ten-

163 1078 390 1130 taminibuS,
422 1078 584 1119 odorem
618 1078 705 1133 plus
735 1080 860 1120 minus
893 1078 1124 1132 fragrantem
1168 1079 1436 1122 indicantibus.

826 1181 882 1222 V.

169 1282 614 1345 Obseruationes
666 1280 952 1361 quaedam
1045 1282 1211 1343 nidos
1276 1297 1341 1345 et
1393 1305 1501 1346 oua

496 1387 688 1427 au1um
733 1381 1167 1430 concernentes.

208 1453 471 1516 Au3ore
549 1452 683 1514 Geo,
719 1451 894 1515 Wilh.
936 1453 1157 1517 Steller.
1209 1478 1268 1539 p.
1325 1477 1448 1536 411.

173 1590 247 1706 Si
283 1596 366 1647 post
399 1589 541 1649 Iosephi
574 1589 767 1650 Prqsperis
808 1591 981 1637 Zinanm'
1014 1594 1184 1637 Comitis
1232 1596 1281 1637 de
1333 1596 1417 1637 ouis
1468 1603 1508 1636 ct

273 1660 367 1700 nidis
401 1661 528 1700 auium
559 1661 940 1701 commentationem
978 1661 1152 1701 Venetiis
1188 1671 1322 1711 1737.
1360 1662 1508 1702 editam

171 1727 267 1768 haec
303 1725 341 1764 b.
379 1723 531 1765 stelles-i
571 1723 688 1764 nostri
724 1725 903 1765 tractatio
936 1727 1116 1780 cuiquam
1150 1726 1344 1766 videbitur
1385 1724 1512 1779 super-

173 1791 276 1832 flua:
323 1790 550 1842 apologiam
594 1788 747 1841 quidem
784 1789 997 1842 plenariam
1040 1802 1118 1843 pro
1155 1801 1196 1829 ea
1237 1789 1367 1829 afferre
1410 1800 1510 1829 nuuc

178 1866 255 1894 non
292 1852 500 1905 possumus,
537 1852 720 1906 quoniam
753 1853 894 1893 librum
927 1852 1217 1894 Zinannianum
1254 1853 1344 1907 ipsis
1377 1852 1512 1893 videre

179 1918 286 1957 nobis
320 1919 490 1958 nondum
525 1916 642 1956 licuit.
710 1917 766 1957 At
807 1927 915 1957 certo
947 1917 1118 1969 conscii,
1158 1915 1354 1958 Stellerum
1375 1948 1386 1967 ,
1418 1916 1511 1957 dum

178 1980 274 2021 haec
299 1975 489 2031 scriberet,
524 1982 688 2022 omnino
706 1981 850 2022 nullam
872 1981 1037 2022 auctoris
1068 1981 1155 2022 Itali
1176 1982 1321 2035 eiusque
1340 1981 1514 2021 obserua·

179 2045 334 2085 tionum
373 2044 550 2084 notitiam
591 2045 788 2100 habuisse3
828 2056 873 2086 vt
905 2048 968 2100 qui
1002 2048 1041 2086 in
1075 2058 1157 2086 vno
1200 2047 1335 2087 mundi
1374 2043 1515 2098 angulo

179 2108 348 2162 scripsit,
389 2106 498 2159 paulo
551 2110 634 2160 post
678 2123 791 2164 quam
826 2108 998 2152 Zinanni
1042 2110 1138 2151 liber
1179 2110 1217 2150 in
1258 2110 1380 2150 altero
1421 2121 1518 2162 pro-

180 2173 279 2216 diit:
321 2171 548 2214 confidimus
584 2171 663 2215 fore
691 2203 705 2228 ,
747 2185 791 2218 vt
830 2176 1019 2233 aequioris
1057 2175 1188 2220 iudicii
1234 2175 1309 2218 viri
1350 2172 1515 2214 disserta·

1368 2242 1522 2276 UOnem
