2013 2703
291 111 791 165 DOCTRINAE
824 108 1454 167 SOLIDORVM.113‘

153 249 320 304 nequit;
359 249 483 302 plures
533 258 660 287 autem
710 255 953 300 quotcunque
986 245 1033 286 ad
1073 245 1254 298 angulum
1296 245 1458 287 solidum

151 314 455 354 constituendum
474 323 700 351 concurrere
723 310 877 363 possunt
894 343 904 361 ,
930 312 1151 351 dummodo
1167 322 1307 353 eorum
1327 311 1455 353 omni·

152 390 218 418 um
251 379 398 418 summa
433 377 546 416 fuerit
578 385 736 429 quatuor
768 374 879 415 retstis
909 373 1053 415 minor.
1455 363 1458 366 ⁴

267 500 304 548 ξ.
347 515 418 553 15.
457 503 570 545 Datis
601 502 780 543 omnibus
813 503 966 552 hedris,
999 502 1307 554 quibussolidum
1332 502 1456 556 quod-

147 569 255 624 piam
290 569 512 617 includitur,
536 567 659 606 statim
690 565 943 617 cognoscetur
976 577 1161 606 numerus
1192 568 1371 607 omnium
1406 567 1457 606 la-

150 644 273 673 terum
305 633 454 672 cuncstas
485 631 616 669 redras
648 629 928 669 includentium
947 662 958 682 ,
993 631 1052 668 cui
1087 642 1253 671 numero
1295 629 1457 682 aequalis

150 698 202 738 est
241 707 416 736 numerus
447 696 627 733 omnium
663 692 889 745 angulorum
926 694 1234 747 planorum‚qui
1253 694 1292 733 in
1312 693 1455 734 cunffis

147 762 274 802 hedris
305 768 537 811 reperiuntur
556 791 567 809 ‚
605 756 691 809 quia
726 757 763 796 in
793 757 955 810 qualibet
987 758 1101 798 hedra
1136 769 1314 799 numerus
1337 769 1456 813 anguff

145 823 266 866 lorum
301 823 463 877 aequalis
495 824 549 863 est
583 833 752 863 numero
787 820 969 863 laterum.

261 955 296 1001 §-
343 956 404 991 16.
451 952 606 994 Deinde
644 954 760 993 etiam
805 953 955 993 summa
996 953 1176 993 omnium
1222 950 1451 1006 angulorum

145 1017 341 1071 planorum
378 1015 485 1055 fiicile
517 1017 691 1054 exhiberi
726 1017 849 1067 potest
870 1049 881 1067 ‚
916 1026 1120 1068 propterea
1154 1017 1259 1070 quod
1294 1020 1333 1056 in
1361 1028 1449 1069 qua-

144 1091 217 1133 que
251 1079 366 1119 heum
402 1079 548 1117 summa
582 1077 761 1117 omnium
791 1077 872 1114 eius
918 1077 1141 1128 angulorum
1184 1091 1237 1117 ex
1278 1079 1450 1118 eiusdem

144 1155 310 1184 numero
351 1142 510 1182 laterum
560 1140 748 1180 definitur.
822 1140 1078 1195 Quotcunque
1129 1140 1235 1180 enim
1287 1139 1449 1180 laterum

144 1209 251 1249 fuerit
288 1206 399 1246 hedra
434 1205 630 1258 quaepiim
651 1235 661 1252 ,
695 1202 842 1241 summa
876 1202 1058 1242 omnium
1102 1203 1177 1242 eius
1219 1203 1448 1256 angulorum

143 1279 320 1324 aequatur
347 1300 357 1318 ‚
401 1269 455 1306 vti
500 1266 643 1306 constat
662 1296 673 1316 ‚
716 1265 769 1305 bis
794 1274 854 1305 tot
892 1264 1036 1320 angulis
1065 1265 1204 1319 rec'tis,
1235 1276 1333 1319 quot
1366 1265 1448 1307 sunt

141 1335 256 1375 latera
275 1365 287 1386 ‚
323 1331 458 1372 demtis
490 1341 662 1384 quatuor.

257 1462 292 1510 §-
333 1471 400 1510 17.
435 1461 499 1502 Ad
534 1460 693 1500 solidum
726 1471 821 1514 ergo
852 1458 1116 1500 definiendum
1140 1491 1151 1511 ‚
1187 1468 1332 1514 praeter
1375 1471 1447 1502 nu-

140 1537 268 1568 meros
321 1525 541 1577 angulorum
591 1523 793 1564 solidorum
813 1556 825 1575 ‚
875 1525 1041 1564 acierum
1102 1536 1145 1564 ac
1201 1522 1402 1564 hedrarum
1428 1551 1439 1574 ,

142 1602 236 1644 quae
264 1600 319 1628 res
350 1589 504 1642 proprie
538 1590 580 1628 nd
617 1589 803 1629 ambitum
838 1588 943 1628 solidi
978 1588 1198 1641 pertinent,
1232 1590 1444 1629 commode

145 1664 292 1708 quoque
328 1652 495 1693 adhiberi
532 1649 706 1705 potsunt,
751 1664 836 1692 cum
858 1665 1033 1692 numerus
1051 1652 1228 1692 omnium
1248 1651 1408 1692 laterum
1430 1683 1440 1703 ,

141 1717 199 1758 seu
216 1755 221 1766 ,
234 1717 294 1768 qui
306 1717 339 1754 ei
352 1716 403 1755 est
413 1717 571 1768 aequalis
582 1747 592 1764 ,
605 1720 969 1759 numerusomnium
983 1715 1206 1768 angulorum
1216 1715 1417 1767 planorum
1429 1747 1442 1768 ,

141 1791 224 1822 zum
238 1792 332 1819 vero
343 1782 458 1819 ctiam
469 1779 610 1821 summa
626 1781 806 1820 omnium
823 1779 964 1819 horum
984 1779 1208 1832 angulorum
1224 1773 1438 1831 planorum.

281 1902 318 1948 ξ.
358 1914 426 1949 18.
463 1908 530 1948 Ex
564 1910 761 1950 collatione
794 1909 930 1949 harum
966 1908 1128 1961 quinque
1163 1918 1290 1947 rerum
1312 1939 1322 1957 ,
1353 1918 1442 1959 quas

139 1975 178 2015 in
213 1972 342 2025 quouis
373 1971 492 2011 solido
523 1973 754 2014 considerare
786 1974 873 2014 licet
892 2003 904 2023 ‚
939 1984 1058 2025 purcs
1090 1971 1246 2024 insignes
1265 1971 1442 2024 proprie·

141 2046 237 2076 tates
280 2035 483 2076 solidorum
527 2038 715 2087 generales
753 2036 915 2077 obtineri
948 2035 1125 2089 possunt,
1164 2047 1258 2087 quae
1298 2033 1439 2075 similes

132 2109 251 2142 erunt
280 2112 408 2138 earum
446 2100 720 2151 proprietatum
739 2131 750 2151 ,
783 2112 876 2154 quae
908 2100 956 2141 dc
988 2098 1114 2154 figuris
1158 2098 1280 2154 planis
1321 2097 1438 2138 recti-

207 2164 327 2205 Tom.
349 2163 424 2205 lV.
443 2164 552 2206 stou.
574 2162 689 2205 Com..
883 2163 913 2206 P
1315 2160 1435 2218 ⁴lineis
