2013 2703
1123 114 1312 175 li40)(

570 253 637 292 ET
683 253 791 304 VRB.
846 255 998 296 LUGD.
1060 255 1216 297 CONSS.
1265 258 1308 295 D.
1362 253 1407 293 D.
1451 258 1702 295 clacbccxxxvu.
1766 252 1875 308 Qua&

569 310 646 364 ipre
681 311 832 352 Auctor
864 314 910 354 de
961 312 1036 353 hoc
1088 315 1291 366 sermone,
1319 325 1406 353 cum
1449 314 1586 354 eodem
1636 326 1740 355 anno
1774 317 1877 369 typis

567 373 836 416 exscriberetur
864 408 874 428 ‚
935 377 973 416 in
1022 376 1254 428 praefatione
1304 375 1509 416 obseruauit
1546 403 1557 426 ‚
1611 379 1734 431 magis
1780 391 1821 420 ea
1860 410 1872 430 ,

566 449 661 491 quae
708 439 824 488 dixi,
873 437 1064 480 illustrant.
1094 437 1226 490 „Hoc
1256 439 1293 479 in
1343 440 1443 479 votis
1475 450 1582 489 erat,
1630 442 1778 494 inquit,
1829 452 1874 483 vt

564 500 816 549 „iudicarent
844 502 1056 553 auditore5‚
1098 513 1145 542 an
1176 502 1316 542 carenti
1352 501 1521 542 fiicultate
1553 503 1743 544 hauriendi
1763 517 1874 557 prae-

561 572 719 617 „cepta
769 563 790 604 ἐι
854 563 1082 617 sapientibus
1123 565 1202 605 auri
1261 566 1577 605 accommodatae
1617 565 1822 607 instillanda
1858 600 1871 620 ‚

563 637 690 680 „vox
750 625 950 680 superesset
1008 627 1087 668 aliis
1137 627 1254 669 animi
1305 629 1400 669 sensa
1448 628 1666 668 insinuando
1717 629 1868 671 idonea.

565 719 593 744 ‚,
615 689 702 730 Hoc
760 691 925 730 obtento
981 689 1100 731 laetus
1157 689 1346 732 abiissem.
1428 689 1504 731 Sed
1555 690 1818 733 beneuolentia
1855 725 1871 745 ,

562 765 679 806 „nec
720 753 892 806 opinanti
930 785 942 804 ,
996 752 1140 806 plausus
1191 754 1309 795 dedit.
1359 751 1450 793 Imo
1500 755 1665 794 auditam
1707 754 1872 807 benigne

561 846 588 869 „
609 815 828 856 orationem
850 816 948 857 velle
968 814 1002 856 se
1021 826 1059 858 et
1091 816 1285 872 perlegere
1305 815 1424 858 testati
1457 816 1538 857 sunt
1572 817 1644 857 viri
1667 847 1679 869 ,
1700 829 1867 870 quorum

560 879 689 931 „iussa
725 879 822 933 sequi
861 880 1042 933 debeo„
1075 880 1214 922 Altero
1245 881 1330 935 post
1361 892 1458 920 anno
1478 912 1488 932 ,
1522 880 1681 934 quierat
1721 887 1832 931 ¹738
1855 913 1870 934 ,

558 942 732 983 summos
770 944 808 984 in
853 942 1046 984 Medicina
1093 943 1257 986 honores
1292 943 1511 986 consecutus
1551 944 1633 995 est,
1671 945 1866 997 publicato

556 1005 760 1058 specimine
794 1006 998 1060 inaugurali
1031 1008 1077 1049 de
1111 1007 1269 1050 Scirrho
1288 1039 1299 1058 ,
1341 1007 1444 1060 quod
1476 1006 1498 1046 fi
1528 1018 1728 1060 aegrorum
1770 1006 1866 1047 salu-

557 1064 604 1110 tis'
638 1069 735 1110 ratio
773 1069 858 1120 est,
907 1070 1066 1123 optimis
1107 1071 1184 1112 eius
1224 1070 1365 1124 scriptis
1403 1071 1640 1111 annumerari
1680 1080 1864 1111 meretur.

558 1131 667 1174 Nam
701 1132 777 1174 hoc
812 1132 846 1173 se
876 1134 992 1174 talem
1025 1133 1190 1174 fiiturum
1225 1134 1426 1186 probauit,
1459 1132 1575 1183 qualis
1607 1133 1861 1184 postmodum

553 1208 682 1236 reuera
724 1194 868 1236 exstitit
906 1209 919 1250 3
952 1195 1153 1238 Medicum
1203 1207 1347 1249 nempe
1381 1194 1528 1235 theoria
1577 1206 1656 1236 non
1707 1196 1863 1248 minus,

553 1270 668 1312 quam
712 1259 855 1311 praxi,
908 1258 1166 1298 excellentem
1188 1290 1199 1308 ,
1251 1256 1529 1310 experientiam
1572 1269 1660 1296 cum
1711 1259 1860 1298 ratione

553 1321 752 1375 prudenter
783 1319 1083 1374 coniungentem
1106 1353 1117 1372 ,
1150 1330 1271 1361 artem
1307 1331 1454 1374 quoque
1484 1315 1744 1372 Chirurgicam
1780 1332 1860 1361 non

552 1383 772 1437 indiguam,
801 1395 895 1436 quae
927 1395 947 1422 a
982 1382 1144 1425 Medico
1177 1382 1399 1430 addiscatur,
1436 1391 1687 1434 reputantem.
1723 1381 1860 1424 Nemo

550 1447 706 1496 credat,
736 1445 929 1501 specimen
963 1446 1038 1488 hoc
1060 1446 1204 1500 publice
1222 1457 1274 1486 ex
1293 1445 1468 1487 cathedra
1503 1447 1729 1486 ventilatum
1765 1445 1856 1487 effe.

549 1506 714 1551 Surditas
733 1509 894 1551 auctoris
907 1539 917 1557 ‚
952 1523 1030 1563 quo
1052 1511 1175 1551 minus
1192 1510 1228 1551 id
1248 1509 1329 1551 fieri
1347 1509 1532 1563 potnerit,
1551 1509 1703 1550 obstitit.
1745 1508 1858 1550 Prae—

550 1583 648 1614 terea
668 1584 756 1613 mos
774 1573 826 1613 est
844 1574 882 1613 in
894 1570 1042 1628 Belgio,
1062 1583 1106 1614 vt
1123 1573 1240 1614 etiam
1260 1572 1333 1614 sine
1351 1582 1431 1613 tam
1452 1583 1677 1625 praegnante
1695 1573 1856 1626 ratione,

546 1636 731 1690 colloquia
776 1636 921 1690 priuata
959 1636 1247 1690 disputationum
1286 1636 1519 1690 publicarum
1563 1637 1666 1676 vices
1701 1636 1856 1676 obtine-

547 1709 624 1739 ant.
693 1698 748 1741 Et
783 1699 869 1752 qnid
904 1697 969 1740 hic
1009 1713 1104 1752 opus
1141 1709 1221 1740 erat
1249 1697 1399 1741 multis?
1456 1710 1544 1739 cum
1567 1698 1854 1739 Promotoribus

546 1762 694 1804 abunde
712 1762 917 1813 constaret,
938 1762 1100 1804 honores
1120 1774 1197 1803 non
1215 1762 1254 1804 in
1273 1763 1469 1816 indignum
1486 1760 1664 1802 collatum
1684 1760 1742 1801 iri.
1763 1760 1853 1802 No-

550 1835 629 1866 tatu
663 1826 822 1878 dignum
844 1858 854 1876 ,
887 1826 987 1879 quod
1009 1828 1149 1868 codem
1182 1826 1270 1875 die,
1302 1826 1366 1880 qui
1386 1824 1619 1867 ventilationi
1639 1823 1852 1878 speciminis

548 1888 748 1929 destinatus
782 1898 858 1928 erat
878 1921 887 1939 ,
920 1889 980 1929 die
1014 1889 1149 1930 scilicet
1184 1888 1347 1931 xxm.
1381 1887 1646 1944 Septembris,
1680 1884 1852 1940 Magnus

543 1949 773 1997 Boerhauius
822 1962 873 1992 cx
925 1951 994 1991 hac
1053 1953 1131 1991 vita
1191 1953 1407 2005 emigraret.
1487 1951 1560 1992 Hic
1610 1951 1731 1991 adhue
1782 1949 1852 1989 sal-

546 2025 611 2053 vus
630 2047 640 2066 ,
672 2013 852 2067 iusserat,
889 2023 961 2066 vt,
993 2015 1078 2068 qnia
1113 2014 1271 2055 mascula
1306 2015 1411 2070 prole
1444 2016 1621 2065 carebat,
1656 2014 1762 2065 ipfius
1794 2023 1847 2052 cx

546 2075 670 2118 sorore
707 2090 826 2130 nepos
861 2077 1095 2119 Hae-mannus
1113 2077 1226 2119 Kaau
1251 2109 1261 2127 ,
1296 2080 1355 2133 qui
1386 2088 1469 2118 tunc
1502 2077 1626 2130 Hngae
1643 2072 1847 2115 Comitum

543 2138 782 2187 Medicinam
807 2143 1023 2197 exercebat,
1042 2139 1276 2188 Boerhaawi
1296 2154 1439 2186 nomen
1457 2141 1660 2186 affiuncrct.
1713 2136 1846 2241 ltaqlue

1723 2203 1788 2243 noi
1807 2214 1846 2244 cr
