2013 2703
523 160 621 200 ‚162
953 155 1074 200 DE
1136 154 1408 199 MOTV

648 299 688 324 2.
723 282 764 325 Si
797 283 947 338 planeta
980 291 1091 322 motu
1127 283 1285 335 regulari
1316 282 1431 324 fertur
1451 314 1462 333 ‚
1494 284 1554 324 seu
1588 297 1657 338 per
1685 285 1826 339 ellipsis

530 350 783 406 perimetrum
827 347 876 384 ita
893 347 1132 398 progreditur
1150 378 1160 398 ,
1198 357 1237 386 vt
1253 347 1350 386 circa
1370 347 1585 387 alterutrum
1604 349 1681 387 eius
1698 348 1826 390 focum

528 425 629 455 areas
664 407 901 460 temporibus
931 408 1236 462 proportionales
1269 408 1445 450 conficiat
1464 441 1474 460 ‚
1509 411 1587 448 eius
1618 420 1740 450 motus
1772 413 1827 452 se-

527 474 655 529 quenti
688 471 811 512 modo
873 471 919 510 ad
957 484 1076 514 certas
1114 472 1218 526 leges
1249 483 1456 513 reuocatur.
1534 473 1665 512 Primo
1697 474 1829 517 scilicet

529 548 608 579 tam
644 535 812 590 positio,
845 547 958 587 quam
994 536 1195 589 longitudo
1228 538 1311 577 axis
1347 535 1536 576 transuerfi
1569 534 1706 588 ellipsis
1740 537 1831 576 defi-

529 602 600 641 niri
633 599 780 651 debet3
810 607 894 637 tum
930 610 1024 638 vero
1058 600 1207 655 species
1235 600 1342 650 eius,
1376 612 1469 653 quae
1512 599 1584 639 fiue
1622 610 1696 638 axe
1737 612 1834 640 con-

525 666 667 718 iugato,
682 662 753 702 siue
773 671 1000 714 parametro,
1025 662 1096 703 siue
1114 664 1396 702 excentricitate
1413 664 1699 715 determinatur3
1722 665 1835 704 tertio

528 729 574 768 ad
609 725 767 780 quodvis
793 735 945 776 tempus
963 725 1199 778 propositum
1219 726 1449 766 anomalum
1472 726 1643 777 planetae
1665 727 1833 767 mediam

528 790 707 843 assignare
758 797 913 841 oportet
933 819 944 838 ,
986 801 1078 841 quae
1098 789 1306 840 inuenitur,
1344 790 1369 829 si
1403 803 1423 829 a
1452 788 1687 841 longitudine
1708 792 1833 831 media

527 855 727 906 longitudo
763 851 903 903 aphelii
935 849 993 890 seu
1014 842 1184 891 summae
1203 851 1330 891 absidis
1349 851 1583 891 subtrahatur.
1619 849 1772 903 sicque,
1807 855 1835 894 fi

528 927 607 957 tam
666 926 817 965 tempus
857 914 1087 966 periodicum
1110 915 1221 955 fuerit
1239 915 1438 967 cognitum
1461 945 1471 964 ,
1504 926 1617 966 quam
1652 925 1835 955 momen-

529 990 611 1020 tum
634 1011 646 1031 ,
686 990 762 1030 quo
803 977 959 1030 planeta
1002 979 1119 1018 semel
1157 978 1199 1017 in
1242 978 1364 1018 abside
1407 978 1553 1018 summa
1594 976 1701 1016 fuerit
1744 990 1832 1018 vet-

465 1091 468 1094 ,
527 1045 623 1083 satus
641 1075 654 1094 ,
689 1042 776 1080 inde
794 1040 839 1080 ad
859 1040 1014 1091 quoduis
1047 1049 1205 1091 tempus
1221 1040 1457 1091 propositum
1482 1039 1674 1079 anomalia
1709 1041 1834 1080 media

529 1106 655 1156 colligi
676 1103 832 1155 poterit.
868 1100 936 1140 Ex
963 1101 1151 1141 anomalia
1179 1111 1306 1141 autem
1330 1102 1454 1143 medi-„1
1479 1113 1599 1156 porro
1629 1111 1669 1141 et
1714 1102 1838 1156 specie

525 1167 662 1220 ellipsis
693 1177 760 1218 pei·
792 1165 984 1216 problema
1013 1163 1270 1219 Keplerianum
1301 1164 1476 1206 definitur
1506 1166 1694 1205 anomalia
1721 1179 1807 1207 vera
1827 1199 1838 1219 ,

528 1242 640 1284 atque
682 1228 853 1270 distantia
905 1227 1074 1282 planetae
1106 1241 1126 1269 a
1175 1227 1297 1281 foco3
1334 1231 1432 1270 vnde
1453 1230 1480 1270 si
1514 1229 1561 1269 ad
1603 1231 1836 1271 auom-aliam

527 1306 663 1336 veram
698 1291 899 1342 longitudo
931 1290 1064 1330 absidis
1112 1291 1284 1331 summae
1324 1293 1476 1333 addatur
1504 1324 1516 1345 ‚
1562 1294 1706 1334 orietur
1754 1303 1840 1334 tan-

531 1358 622 1399 dem
653 1354 850 1406 longitudo
881 1365 995 1407 vera3
1019 1365 1111 1405 quae
1145 1354 1278 1393 cadem
1320 1367 1469 1408 quoque
1541 1356 1738 1396 obtinetur
1762 1387 1774 1406 ,
1811 1358 1838 1398 fi

530 1419 695 1461 excessus
725 1418 939 1458 anomaliae
973 1429 1083 1457 verae
1134 1418 1238 1470 supra
1298 1417 1528 1457 anomalum
1588 1420 1755 1457 medinm
1791 1420 1839 1459 ad

529 1482 813 1535 longitudinem
849 1481 1014 1521 mediam
1042 1480 1226 1528 addatur,
1255 1479 1326 1519 fine
1359 1479 1524 1519 deiectus
1564 1481 1612 1520 ab
1671 1493 1714 1520 ea
1757 1481 1838 1521 sub-

532 1546 699 1588 trahatur
722 1558 734 1597 ·‚
771 1545 850 1597 qui·
869 1543 1059 1594 cxcefl‘us,
1103 1542 1164 1583 vel
1194 1541 1357 1583 defcstus
1381 1544 1428 1583 ab
1447 1543 1689 1583 Astronomis
1719 1543 1842 1584 Prost-

533 1608 744 1666 aphaeresis
778 1608 962 1663 appellari
999 1607 1104 1648 {Olen

654 1749 696 1786 3.
728 1736 776 1778 In
809 1745 920 1777 motu
952 1736 1105 1789 regulari
1138 1744 1217 1776 tam
1252 1734 1389 1788 pofitio
1408 1735 1527 1775 lineae
1562 1734 1729 1775 absidum
1778 1735 1838 1776 fen

536 1803 620 1845 axis
649 1801 843 1842 transuersi
863 1834 874 1853 ,
907 1814 1020 1854 quam
1056 1801 1133 1839 eius
1166 1799 1348 1852 quantitas
1390 1812 1462 1839 vna
1504 1811 1591 1838 cum
1646 1801 1838 1838 excentri-

536 1868 645 1907 citate
678 1875 866 1920 perpetuo
902 1875 1054 1905 manent
1084 1863 1214 1903 eadem
1237 1892 1249 1910 ‚
1284 1863 1332 1902 ita
1365 1873 1438 1913 vt,
1472 1862 1497 1902 fi
1532 1862 1603 1902 hae
1642 1875 1702 1902 res
1729 1862 1839 1903 semel

534 1931 666 1971 suerint
695 1930 869 1981 cognitae
894 1959 905 1979 ,
942 1939 1008 1968 eae
1041 1925 1129 1966 nulli
1162 1926 1336 1979 deinceps
1369 1927 1627 1966 immutationi
1664 1927 1733 1966 sint
1767 1927 1839 1966 ob·

538 1994 697 2034 noxiae.
760 1993 904 2032 Harum
940 2003 1030 2044 ergo
1062 2002 1184 2029 rerum
1218 1991 1426 2031 constantia
1470 1990 1694 2043 primarium
1742 2001 1837 2029 con-

538 2056 652 2095 stituit
690 2054 885 2094 discrimen
907 2056 1002 2094 inter
1034 2064 1183 2093 motum
1220 2055 1424 2106 regularem
1444 2087 1455 2105 ,
1488 2063 1525 2093 et
1559 2053 1835 2106 irregularem;

532 2119 583 2159 ita
620 2126 688 2169 vt,
723 2117 751 2160 fi
774 2118 830 2158 vel
860 2119 999 2173 politio
1030 2118 1112 2160 axis
1145 2116 1368 2170 tramitem,
1411 2117 1475 2160 vel
1508 2117 1586 2159 eius
1623 2119 1804 2171 quantitas
1825 2145 1837 2163 ‚

1777 2176 1844 2219 vel
