2013 2703
176 156 281 203 AD
318 150 786 198 MENSVRAM
817 149 1296 199 REDVCENDI
1327 163 1415 206 273

133 276 218 332 post
259 285 279 324 5
297 278 470 325 min.prim.
482 274 575 310 solut.
592 283 642 310 21
668 279 683 324 ξ
716 284 817 326 gran.

160 358 182 370 -
221 351 274 378 10
338 364 358 370 -
426 363 444 369 -
507 362 524 369 -
589 350 642 387 41
657 351 699 388 .4
733 360 771 369 -
804 349 897 392 ergo
934 347 955 387 ς
992 336 1090 378 min.
1125 349 1186 391 pt·
1221 358 1238 369 ·
1306 342 1405 388 193

166 429 184 438 -
220 416 271 453 ¹5
338 427 358 436 -
418 427 440 436 -
502 426 520 432 -
585 406 691 452 64.4
727 424 768 431 —
802 415 894 456 ergo
930 414 952 452 5
992 403 1088 442 min.
1131 414 1189 455 pr.
1223 426 1244 436 -
1310 413 1407 452 23-

163 496 178 503 -
215 482 272 508 20
338 494 353 501 -
421 490 435 499 -
502 490 519 497 -
587 473 638 512 83
666 489 685 496 -
726 488 767 496 -
798 478 891 520 ergo
929 478 950 514 5
987 467 1083 506 min.
1121 478 1180 519 pr.
1219 485 1234 491 -
1303 467 1406 507 185

163 558 178 568 .
215 544 269 582 25
340 558 352 564 -
418 556 437 562 -
498 554 518 561 -
585 535 671 581 99}
723 551 766 558 -—
798 541 893 582 ergo
932 541 954 578 5
991 531 1088 568 min.
1123 541 1184 582 pr.
1220 550 1238 559 -
1308 532 1409 579 16.;

254 662 287 712 §.
310 665 352 701 6.
373 658 535 702 Summa
554 658 892 698 decrementorum
916 655 1095 711 ponderis
1114 653 1297 696 solutione
1315 667 1427 709 gene-

132 735 303 767 ratorum
345 725 411 765 fuit
450 736 517 778 per
558 716 594 765 ξ.
618 737 660 774 4.
698 727 807 773 103}
849 734 953 776 gran.
994 723 1063 760 26.
1100 721 1199 761 min.
1235 732 1293 774 pr.
1329 731 1424 775 quae

133 791 278 831 residuo
310 790 521 843 ponderato
557 788 709 827 inuenta
745 788 799 828 est
837 798 939 825 110.
973 799 1030 840 gr.
1067 786 1088 834 ξ
1139 795 1181 833 3.

250 853 330 895 Sex
363 859 379 904 }
411 863 506 905 ergo
540 850 660 891 solum
692 852 817 906 grauis
849 851 992 891 recedit
1027 851 1323 891 decrementum
1357 846 1429 889 ob-

132 916 318 959 seruatum
351 930 373 958 a
406 917 658 957 decremento
691 925 919 971 computato
951 916 1100 968 integro
1117 913 1310 954 solutionis
1327 923 1427 953 tem·

135 995 230 1036 pore
251 1015 261 1032 ,
295 993 388 1036 quae
420 980 660 1034 discrepantia
695 980 787 1021 oriri
828 980 954 1034 potuit
996 992 1018 1020 a
1059 988 1204 1020 mutata
1241 977 1429 1032 grauitate

135 1045 310 1100 specifica
356 1044 436 1084 silis
478 1045 575 1084 inter
618 1043 879 1095 solutionem,
925 1056 1013 1083 cum
1057 1053 1218 1096 propter
1249 1043 1428 1084 cauitates

138 1110 320 1163 quasdam
357 1120 436 1147 non
470 1106 540 1146 fuit
574 1106 835 1159 perfeffiliime
879 1107 918 1145 in
962 1107 1139 1146 omnibus
1182 1106 1430 1159 portiunculis

138 1173 448 1226 homogeneum.
514 1170 691 1221 Pyramis
724 1171 830 1210 enim
864 1170 974 1210 initio
1007 1180 1174 1209 accurata
1214 1169 1304 1209 abiit
1347 1179 1429 1208 tan·

138 1237 229 1278 dem
277 1238 314 1276 in
353 1235 603 1284 deformem,
636 1245 744 1288 parte
777 1233 958 1287 superiori
991 1233 1037 1273 ab
1073 1246 1152 1273 vno
1188 1233 1305 1273 latere
1338 1244 1429 1286 pro-

140 1300 284 1342 sundius
325 1300 438 1340 soluta
460 1331 470 1350 ,
516 1310 629 1351 quam
671 1312 690 1338 a
725 1297 875 1350 reliquis
907 1297 1106 1347 lateribus,
1140 1297 1237 1336 vnde
1270 1297 1432 1350 grauitas

138 1363 311 1418 specifica
352 1364 460 1403 aucta
501 1362 553 1401 ob
592 1363 796 1401 cauit-atem
832 1362 1019 1414 quandam
1053 1360 1279 1400 destructam
1301 1393 1312 1411 ,
1357 1360 1430 1400 siue

138 1429 264 1481 potius
311 1436 485 1479 apertam
515 1456 526 1476 ‚
580 1438 694 1478 quam
737 1426 943 1478 occupauit
985 1437 1094 1478 aqua.
1179 1424 1280 1479 Quia
1323 1425 1430 1464 enim

140 1491 275 1542 b<a‚
310 1489 406 1540 fiet,
443 1488 562 1542 posita
593 1489 621 1529 d
649 1490 825 1539 minori,
862 1489 951 1529 hinc
984 1489 1168 1542 grauitate
1189 1487 1436 1542 specificam-

140 1564 183 1604 lis
216 1563 381 1612 maiori,
412 1545 580 1613 92:2³?
627 1564 776 1615 maior,
811 1576 924 1617 quam
958 1573 1077 1602 antea.

258 1627 293 1674 §.
328 1635 370 1674 7.
404 1624 529 1666 Schol.
549 1626 682 1680 Figura
711 1627 956 1682 pyramidalis
979 1658 989 1676 ‚
1024 1626 1206 1666 solutione
1225 1634 1308 1665 orta
1329 1656 1340 1675 ,
1374 1624 1427 1664 vi-

143 1690 255 1731 detur
287 1689 476 1730 ostendere
503 1722 516 1740 ‚
545 1690 690 1731 soluens
730 1692 946 1732 inferiorem
977 1691 1059 1730 cubi
1090 1703 1237 1743 partem
1277 1698 1434 1741 tangens

143 1752 333 1795 saturatius
380 1752 453 1792 effe
495 1753 661 1795 solueute
710 1756 938 1808 superiorem
976 1755 1058 1794 cubi
1098 1766 1243 1808 partem
1280 1753 1431 1791 contiu-

145 1829 291 1872 gente,
323 1815 495 1857 deorsum
528 1820 631 1859 enim
667 1820 870 1872 particulae
915 1832 1052 1858 omncs
1098 1818 1278 1858 resolutae
1323 1816 1433 1856 initio

145 1881 340 1933 tendunt3
382 1879 469 1921 hinc
506 1882 637 1923 lentius
678 1882 766 1923 solui
801 1884 884 1923 cubi
917 1882 1111 1923 inferiores
1144 1892 1285 1935 partes,
1316 1892 1432 1934 quam

145 1945 363 1999 superiores.
440 1942 517 1985 Cur
558 1947 729 1987 inclinata
772 1947 982 2001 pyramidis
1023 1948 1134 1987 latera
1177 1956 1215 1985 ct
1248 1945 1346 1985 latus
1378 1945 1430 1984 su-

147 2022 328 2063 premum
364 2009 484 2049 laeuia
517 2010 679 2062 suerint,
710 2012 864 2052 inferior
901 2024 995 2051 vero
1029 2010 1433 2062 cauitatibusinaequa-

147 2075 189 2114 lis
232 2073 373 2113 reddita
415 2073 458 2114 sit
489 2103 500 2121 ‚
544 2074 640 2112 ratio
671 2075 807 2130 absque
839 2075 957 2116 dubio
988 2075 1056 2116 fuit
1090 2087 1154 2115 aer
1186 2075 1438 2114 incarceratus

144 2137 214 2178 sale
238 2170 249 2188 ,
284 2139 345 2190 qui
383 2137 573 2191 particulis
634 2137 710 2178 salis
742 2139 871 2181 abrasis
906 2140 1001 2180 liber
1031 2150 1070 2180 et
1102 2137 1172 2180 sese
1190 2137 1437 2193 expandens,

210 2201 333 2243 Tom.
355 2200 428 2244 lv.
446 2200 556 2243 Nou.
577 2199 698 2242 Com.
892 2202 940 2245 M
961 2216 1002 2244 m
1296 2199 1437 2254 superi-
