2013 2703
452 122 565 172 ET
628 125 855 173 EIVS
919 123 1113 172 VSV.
1329 140 1466 180 :3²7-

139 244 306 300 experiri
343 242 445 284 licet.
513 241 792 284 Fletstrificcrur
823 244 937 283 massa
975 243 1229 285 electricitate
1270 255 1436 297 compo-

141 311 206 352 siti
227 341 237 360 ,
272 320 310 349 et
344 308 478 348 insist-rit
513 307 645 361 aliquis
679 307 817 348 resinae
837 340 847 358 ,
883 317 1080 362 tangatque
1106 308 1266 349 maffam
1293 309 1440 350 electri-

140 373 291 414 fictitam
314 406 324 423 ,
361 372 512 413 {cintilla
549 370 762 412 vehemens
795 373 966 425 orietur,
1003 381 1039 411 et
1079 371 1204 413 homo
1250 372 1327 426 ipse
1362 374 1440 413 ele-

141 436 384 478 e‘trisicabitur
407 469 417 487 ,
438 436 506 476 filo
534 448 669 489 parum
701 437 746 477 ad
775 437 938 488 regulam
969 426 1199 476 accedentes
1224 437 1439 479 Remoueat

137 514 294 542 manum
333 501 436 541 idem
474 500 600 540 homo
621 531 630 549 ,
661 509 701 537 ct
734 498 850 538 ruilus
881 501 1073 556 adplicet,
1110 499 1219 539 nulla
1268 502 1436 541 mutatio

137 567 267 606 indicis
288 577 410 617 neque
429 563 582 604 scintilla
599 561 872 612 obscurabitur,
893 563 977 614 quia
997 574 1159 615 corpora
1177 564 1322 616 aequali
1341 577 1432 616 gra·

136 630 185 669 du
221 628 462 669 elec‘trificata
496 636 739 668 concurrunt.
774 625 866 681 Quo
902 626 1034 675 ῇιέὶο,
1064 627 1250 667 excitetur
1289 630 1431 668 massae

136 693 353 734 clcc‘rricitas
383 691 496 732 rursus
517 718 529 741 ,
567 690 689 730 donec
724 689 834 730 filum
869 690 1041 730 ostendat
1061 691 1232 744 priorem
1253 693 1436 745 gradum,

138 768 175 798 et
231 757 320 797 dem
363 756 490 796 homo
534 754 672 795 resinae
714 754 879 794 insistens
924 764 963 794 et
1005 755 1147 795 minori
1181 755 1439 797 eleeiricitate

136 820 331 874 pmeditus
352 852 364 871 ,
396 832 510 872 quam
547 819 662 859 massa
697 818 941 861 elccstrificata
962 850 971 862 ,
1003 828 1133 872 tangat
1164 821 1322 860 maffam
1356 821 1436 861 ele-

136 883 362 925 c‘irificatam
382 915 393 935 ,
424 882 578 925 scintma
610 884 682 923 erit
712 883 873 924 debilior
892 916 903 935 ,
933 895 1047 936 quam
1083 883 1217 936 primo
1245 883 1357 937 casu,
1390 896 1434 924 v·

137 948 175 988 bi
208 948 335 989 homo
371 960 449 988 non
483 947 747 988 electrificatus
781 946 942 989 rnaffam
975 946 1269 989 elearificatam
1304 957 1439 1002 tange-

137 1011 201 1054 bat
267 1021 306 1050 et
341 1011 466 1051 homo
484 1010 773 1052 elediricitatem
804 1012 994 1051 maiorem
1016 1011 1251 1054 nanciscetur
1270 1045 1281 1064 ,
1315 1025 1435 1066 quam

138 1076 257 1129 priori
292 1073 372 1113 casu
409 1073 583 1114 habebit.
654 1074 854 1114 Excitctur
887 1075 1005 1113 tertio
1037 1074 1259 1115 elcehicitas
1277 1076 1435 1127 maffiie,

140 1140 262 1179 donec
298 1137 403 1178 idem
436 1139 601 1191 gradus,
635 1137 698 1190 qui
734 1137 846 1177 initio
877 1147 956 1177 erat
993 1167 1003 1183 ‚
1035 1135 1104 1176 filo
1140 1148 1294 1178 notetur
1330 1171 1340 1190 ,
1396 1149 1437 1180 et

139 1203 242 1243 idern
275 1202 402 1242 homo
435 1202 573 1242 resitue
610 1200 800 1250 insiliens,
843 1200 986 1240 minori
1024 1203 1139 1253 gradu
1181 1201 1436 1244 electricitatin

138 1267 358 1320 praeditus,
393 1275 522 1317 tangat
572 1262 734 1303 maffam
770 1262 1056 1303 electrificatarn
1079 1295 1090 1314 ,
1125 1264 1317 1317 aliquanto
1355 1267 1436 1308 mi·

139 1343 213 1371 nor
234 1329 387 1369 scintilla
414 1328 557 1368 orietur
577 1359 588 1379 ,
622 1339 737 1380 quam
760 1328 1070 1380 praecedentibus
1098 1328 1238 1368 casibus
1255 1361 1266 1379 ,
1293 1340 1333 1369 et
1359 1329 1437 1371 ho-

137 1405 208 1434 mo
243 1392 432 1432 maiorem
468 1390 588 1432 rursus
617 1391 902 1431 elee'ti·icitatem
936 1391 1091 1431 habebit
1112 1421 1122 1439 ,
1156 1404 1270 1445 quam
1305 1404 1433 1445 antea,

137 1456 425 1509 differentiaque
468 1455 761 1496 electricitatum
802 1456 898 1495 inter
945 1455 1242 1496 elestricitatem
1292 1460 1433 1498 maflae

138 1521 250 1560 initio
282 1522 493 1559 excitatam
525 1529 565 1559 et
595 1519 767 1559 hominis
785 1519 912 1560 minor
940 1519 1142 1572 minorque
1169 1521 1303 1560 euadet
1324 1535 1335 1574 3
1357 1521 1432 1562 hoc

137 1583 351 1625 continuari
394 1582 515 1635 potest
553 1615 563 1634 ,
613 1583 731 1623 donec
773 1583 984 1624 differentia
1026 1583 1319 1626 electricitatum
1366 1585 1434 1627 fiat

138 1646 301 1701 aequalis
334 1645 455 1686 nihilo
476 1677 487 1697 ,
518 1658 596 1700 quo
627 1646 708 1687 casu
743 1647 840 1687 nulla
874 1646 1033 1689 scintilla
1067 1649 1198 1688 oritur.
1266 1648 1354 1689 Tali
1373 1662 1435 1691 er·

139 1724 190 1765 go
225 1711 372 1751 ratione
407 1710 489 1750 satis
523 1720 624 1764 patet
658 1724 747 1752 cum
782 1711 992 1753 differentia
1026 1711 1315 1752 elctstriciratum
1336 1713 1436 1752 scin..

142 1775 245 1816 tillae
279 1774 566 1815 vehementiam
601 1775 820 1816 decrescere.
897 1775 1071 1816 Vltimae
1111 1776 1217 1816 enim
1249 1775 1430 1817 scintillae

142 1840 192 1879 ita
229 1850 366 1892 paruae
401 1848 439 1878 et
468 1838 604 1879 debiles
633 1838 713 1880 suut
753 1871 765 1891 ‚
817 1849 860 1880 vt
895 1851 972 1880 non
1006 1839 1072 1881 nifi
1105 1840 1145 1880 in
1177 1841 1338 1881 tenebris
1370 1851 1435 1884 at·

144 1913 245 1944 tente
278 1902 523 1943 consideranti
556 1913 775 1956 appareant.

264 1965 320 2022 7.)
353 1966 527 2020 Simplici
562 1967 805 2009 electricitate
823 1967 937 2009 fluida
971 1967 1254 2011 inflammabilia
1272 1982 1349 2011 non
1368 1969 1429 2012 ni-

145 2031 174 2073 si
204 2031 383 2071 calefzidti
418 2031 623 2072 accendere
657 2034 760 2085 potui
784 2048 795 2086 3
815 2033 1026 2087 composita
1062 2047 1152 2075 vero
1171 2034 1429 2088 elee'tricitate,

145 2096 173 2142 fi
204 2095 315 2143 filum
345 2096 562 2140 ostendebat
593 2097 752 2153 gradum
792 2098 1030 2156 trigesimum
1067 2131 1080 2154 ‚
1128 2099 1302 2157 spiritum
1344 2101 1430 2142 vini

1362 2175 1426 2206 Ie·
