2013 2703
1125 176 1156 237 l(
1195 193 1249 230 32
1286 181 1318 238 l(

557 306 652 347 curii
689 308 886 361 particulae
919 309 1000 350 vim
1033 311 1222 364 quand-‚tm
1256 310 1348 364 ipsas
1380 308 1425 350 ad
1461 309 1639 350 vnioncm
1675 320 1858 366 perpetuo

560 371 817 412 sollicitantem
841 406 851 423 ,
903 386 1015 425 quim
1051 374 1190 427 calor,
1241 374 1332 413 dum
1368 374 1581 415 extenditur
1617 374 1854 428 Mercurius,

556 434 728 488 inperare
759 436 880 475 debet.
951 436 1178 476 Admodum
1212 448 1341 476 autem
1376 439 1565 490 probabile
1598 439 1748 493 aliisque
1790 453 1854 480 na·

557 507 664 537 turae
697 499 836 552 legibus
866 500 1066 552 analogum
1100 500 1274 548 videtur,
1328 502 1405 540 vim
1441 500 1544 541 istam
1566 534 1577 551 ,
1624 515 1703 555 quo
1736 505 1857 556 magis

557 561 730 601 dilatatur
765 561 969 603 Mercurius
989 594 1000 612 ‚
1035 576 1086 603 eo
1117 564 1221 603 reddi
1257 563 1477 615 minorem,
1510 565 1560 604 ita
1596 574 1640 604 vt
1672 567 1709 604 in
1750 566 1858 607 Mer-

554 626 662 664 curio
693 626 853 667 mnltum
887 629 963 667 ium
998 627 1155 668 dilatato
1184 658 1197 678 ‚
1248 627 1350 667 idem
1402 628 1531 667 caloris
1582 628 1856 670 incrementum

557 689 605 728 de
640 701 742 729 nouo
775 692 979 741 accedens,
1035 692 1229 731 minorem
1265 691 1339 730 ium
1372 692 1560 731 inuenietis
1593 692 1854 744 resistentiam,

557 753 742 792 maiorem
779 755 985 806 producere
1020 743 1152 794 debeat
1187 754 1367 794 effec‘tum
1389 784 1398 798 ‚
1429 767 1544 806 quam
1579 754 1617 793 in
1660 754 1855 796 Mercurio

554 828 690 868 parum
724 818 892 870 expanso
925 820 1075 872 operari
1109 817 1222 860 valet.
1260 818 1440 858 Tentauit
1477 815 1620 858 clariss.
1672 819 1824 858 Auetor
1844 851 1854 866 ‚

553 891 637 919 rem
674 880 769 921 lunc
804 883 1164 935 experimentorum
1199 894 1305 934 ope,
1336 894 1425 935 quae
1459 881 1588 935 lapidis
1622 881 1727 922 instar
1763 883 1855 934 lydii

554 941 631 983 fiint
665 944 700 983 in
735 944 928 997 Physicis,
964 948 1001 986 in
1038 946 1161 986 lucem
1198 946 1414 994 collocare,
1446 955 1484 985 ct
1514 958 1589 985 non
1626 945 1738 985 (olum
1764 977 1774 996 ,
1806 958 1854 985 an

554 1018 642 1046 vere
677 1008 906 1049 dilatationis
939 1020 1138 1063 augmenta
1189 1010 1227 1049 in
1275 1009 1413 1048 mziori
1462 1008 1626 1048 crescant
1674 1010 1856 1060 ratione,

550 1081 594 1109 ac
628 1071 763 1112 caloris
795 1073 1027 1113 incrementa
1052 1105 1062 1123 ‚
1094 1073 1375 1123 determinare,
1408 1073 1465 1113 sed
1498 1084 1536 1112 et
1569 1074 1605 1110 in
1640 1073 1756 1126 ipram
1793 1085 1854 1113 re-

549 1133 677 1187 gulam
700 1165 712 1186 ‚
747 1137 846 1176 cuius
879 1149 954 1190 ope
988 1148 1038 1174 ex
1072 1136 1300 1174 dilatationis
1332 1145 1541 1186 augmento
1561 1167 1570 1184 ‚
1602 1146 1853 1187 augmentum

551 1197 715 1249 caloris,
748 1209 786 1238 et
820 1200 906 1239 vice
940 1197 1039 1238 verli]
1061 1230 1071 1248 ,
1107 1198 1265 1247 inueniri
1309 1199 1464 1249 potest,
1513 1197 1709 1250 inquirere.
1777 1199 1854 1240 Res

551 1258 646 1300 haec
677 1272 726 1317 eo
758 1261 996 1315 diligentiore
1046 1260 1319 1313 perquisitione
1368 1260 1479 1312 digna
1524 1259 1717 1299 iudicanda
1768 1262 1852 1312 cst,

549 1335 626 1377 quo
679 1323 827 1364 detecta
877 1324 1031 1364 tandem
1083 1323 1153 1363 hac
1212 1321 1337 1376 regula
1409 1334 1459 1362 ex
1508 1322 1606 1362 datis
1655 1322 1851 1364 Thermo-

549 1388 662 1427 metri
697 1388 870 1440 gradibus
891 1419 900 1437 ‚
932 1387 1006 1441 ipfit
1039 1386 1208 1427 calorum
1245 1387 1476 1426 incrementa
1499 1417 1509 1434 ‚
1531 1385 1588 1426 seu
1608 1386 1736 1439 potius
1759 1387 1852 1427 ratio

547 1448 688 1492 horum
723 1453 1046 1492 incrementorum
1069 1483 1079 1501 ,
1111 1450 1355 1491 determinari
1394 1458 1583 1503 poterunt.
1627 1449 1738 1502 Opus
1772 1458 1852 1490 crat

547 1513 594 1554 ad
629 1515 847 1556 instituenda
882 1514 975 1555 haec
1017 1516 1312 1568 experimenta,
1347 1513 1535 1554 methodo
1556 1545 1567 1565 ,
1601 1511 1759 1552 diuersos
1792 1525 1852 1554 ca-

543 1576 635 1618 loris
662 1580 795 1634 gradus
815 1611 825 1629 ,
843 1579 1018 1632 cognitae
1050 1579 1098 1618 ad
1124 1577 1159 1618 se
1192 1577 1357 1617 inuicem
1390 1578 1570 1626 rationis,
1593 1576 1850 1630 producendi,

544 1642 648 1695 quod
683 1642 841 1682 feliciter
871 1643 1023 1684 Auctor
1057 1642 1248 1691 obtinuit,
1283 1653 1358 1695 ope
1389 1640 1548 1680 lentium
1574 1651 1850 1691 connexarum,

545 1717 642 1758 quae
673 1705 864 1757 cylindros
894 1706 1085 1746 radiorum
1130 1704 1307 1745 solarium
1360 1705 1398 1744 in
1445 1716 1583 1761 conum
1639 1702 1847 1754 colligunt,

546 1768 651 1808 vnde
683 1770 767 1825 post
816 1781 906 1820 επις,
957 1770 996 1809 in
1049 1768 1200 1809 diuerfis
1248 1765 1443 1809 distantiis‘
1479 1768 1615 1807 calores
1664 1765 1848 1805 iunci-{iim

548 1832 812 1883 quadratorum
846 1833 1104 1874 distantiarum
1155 1845 1176 1872 a
1230 1831 1319 1871 foco
1365 1831 1584 1880 rationem,
1635 1828 1846 1881 sequuntur.

549 1893 737 1948 Exposuit
771 1897 875 1935 conis
907 1896 982 1936 istis
1013 1895 1161 1935 radiosis
1181 1926 1191 1944 ,
1226 1895 1528 1936 Thermomctra
1562 1891 1723 1945 pei-fecte
1751 1904 1846 1932 con-

547 1958 738 2000 cordantia
797 1968 836 1998 et
894 1957 1094 2011 aequaliter
1155 1957 1314 1996 mobilia
1352 1987 1364 2009 ,
1434 1967 1472 1996 ct
1523 1966 1658 2009 quant-,1
1710 1954 1843 2008 fuerint

549 2020 756 2076 aequalibus
806 2021 1041 2075 temporibus
1080 2019 1308 2061 dilatationis
1361 2019 1536 2060 Mercurii
1588 2020 1624 2059 in
1677 2026 1841 2069 Vtroque

547 2085 784 2129 incrementa
804 2115 814 2135 ‚
847 2085 1046 2140 diligenter
1079 2083 1281 2125 annotauit.
1319 2082 1383 2124 Ex
1418 2083 1474 2123 his
1507 2082 1630 2137 postea
1665 2078 1841 2119 obserua-

1679 2142 1841 2184 tionibus
