2013 2703
554 197 644 236 392
745 178 1094 228 RVPICAP.
1136 178 1658 228 CORN.ARIEY.

554 306 700 362 pubem
742 301 865 356 pergit
887 332 898 350 ‚
930 309 970 340 et
996 333 1008 352 ‚
1056 299 1083 340 fi
1123 300 1161 340 in
1195 300 1338 341 redium
1369 302 1616 355 extenditur,
1655 305 1701 346 ad
1742 306 1836 348 duos

553 371 669 423 pedes
699 366 802 408 facile
836 365 970 418 longus
1000 364 1064 404 est.
1133 364 1258 405 Extra
1298 376 1437 418 corpus
1487 377 1582 405 vero
1631 369 1832 411 dimidium

552 434 700 472 circiter
733 429 914 483 pollicem
950 429 1153 481 prominet.
1221 429 1371 469 Praeter
1402 429 1653 482 ligamentum
1688 432 1834 485 suspen-

556 495 696 536 forium
729 494 805 535 duo
837 492 957 534 adhuc
994 503 1128 544 erant,
1170 505 1222 533 ex
1263 492 1394 533 offibus
1434 493 1538 546 pubis
1580 494 1836 547 prodeuntia,

557 569 597 600 et
630 559 748 613 paulo
780 568 866 598 ante
896 556 1085 598 musculos
1118 557 1306 597 erectores
1339 556 1442 610 supra
1475 557 1691 610 glandulam
1719 571 1838 611 quan-

558 624 646 664 dam
678 623 886 674 oblongum
907 655 917 672 ,
951 620 1164 660 maximam
1188 652 1197 671 ‚
1232 631 1304 660 tres
1333 621 1480 660 circiter
1511 622 1669 674 pollices
1699 635 1718 662 a
1738 622 1841 662 collo

558 687 703 727 vesicae
736 686 931 726 dist-„intem
952 717 962 735 ‚
996 686 1208 724 terminata.
1278 685 1340 724 Ad
1374 685 1516 725 collum
1556 685 1699 726 vesicae
1746 686 1840 726 duae

559 751 777 804 prostat-ac,
818 748 897 789 (Eitis
938 747 1146 788 sensibiliter
1188 748 1395 788 distinctae.
1477 748 1554 788 Vas
1595 750 1759 790 deferens
1800 750 1841 789 in

559 814 734 855 veliculas
768 814 906 866 partim
941 811 1134 851 seminales
1154 845 1164 861 ‚
1197 823 1292 864 quae
1325 811 1541 865 glandulol'o
1576 814 1727 853 cuidam
1755 824 1842 853 cor-

559 879 644 930 pori
682 878 801 929 mngis
832 875 1046 928 comparari
1096 875 1276 929 possunt,
1331 875 1472 930 partim
1509 875 1548 913 in
1582 876 1703 928 ipsam
1756 888 1844 915 vre-

558 940 683 981 thram
717 940 762 979 ad
797 940 956 979 radicem
992 938 1069 977 eius
1101 940 1189 978 abit.
1227 937 1305 978 Cor
1338 937 1545 978 dimidium
1581 940 1724 990 pedem
1757 938 1843 978 lon-

559 1016 666 1056 gum.
704 1003 899 1044 Auriculac
943 1002 989 1040 :id
1035 1013 1118 1040 orus
1160 1002 1317 1054 pulchre
1363 1001 1570 1040 lucini-itae.
1611 1001 1842 1042 Pulmonum

560 1067 638 1106 duo
671 1067 868 1120 praecipue
912 1065 1020 1113 lobi,
1060 1076 1217 1115 quorum
1259 1063 1395 1104 finister
1438 1063 1574 1103 dextro
1615 1066 1736 1105 maior
1776 1065 1842 1105 est.

560 1131 729 1184 Vterque
761 1128 923 1182 superius
955 1135 1112 1181 quatuor
1145 1127 1290 1170 lobulos
1328 1126 1577 1167 adhaerentes
1617 1128 1759 1179 habet,
1798 1128 1845 1168 fi-

561 1193 664 1235 nistri
700 1206 793 1233 vero
826 1191 951 1232 lateris
982 1190 1147 1232 maiores
1180 1191 1270 1230 sunt.
1338 1190 1383 1231 In
1420 1202 1498 1230 vno
1533 1191 1746 1232 lobulorum
1801 1191 1846 1232 sr-

562 1257 664 1298 nistri
700 1258 820 1297 lateris
852 1255 1010 1295 vesicula
1043 1264 1274 1306 transparens
1308 1253 1373 1293 fuit
1393 1286 1402 1303 ,
1440 1260 1486 1301 ιζ
1522 1256 1613 1307 poll.
1652 1256 1762 1308 longa
1783 1263 1846 1307 ‚et

566 1333 592 1369 3
634 1321 728 1375 poll.
759 1321 831 1360 lata
854 1350 865 1369 ‚
917 1330 995 1356 non
1027 1316 1093 1355 nisi
1127 1319 1212 1357 :1'c're
1246 1317 1415 1357 distenta.
1468 1318 1656 1358 Vnt-ricae
1689 1319 1845 1371 plures,

567 1397 636 1439 pus
668 1397 744 1426 non
776 1382 998 1431 fundentes,
1031 1380 1237 1434 pulmones
1264 1381 1353 1421 hinc
1388 1380 1477 1419 inde
1503 1382 1752 1433 occupabant.

1749 2206 1844 2248 DE-
