2013 2703
506 140 601 194 '238
909 133 1392 184 DEVIRTVTE

902 253 1282 298 EXPERIM.
1333 254 1406 295 IV.

647 351 697 392 Iis
739 346 897 388 lamellis
924 381 935 399 ,
969 361 1064 401 quae
1104 349 1385 390 candefaCtione
1419 352 1458 390 in
1490 351 1575 405 igne
1608 355 1790 396 virtutem

507 414 761 468 magneticam
793 412 1062 465 perdiderunt,
1095 412 1285 453 difficilius
1316 414 1540 455 tribuebatur
1574 427 1610 456 et
1630 419 1792 459 restitue·

507 479 614 518 batur
646 476 858 529 magnetica
891 476 1008 516 virtus
1027 509 1037 529 ,
1070 489 1184 531 quam
1220 477 1352 528 politis
1390 490 1468 519 non
1507 480 1744 521 candefadtis.

924 602 1296 645 EXPERIM.
1347 606 1400 647 V.

658 698 761 741 Cum
797 700 994 739 contrariis
1013 699 1182 739 ductibus
1216 701 1281 740 situ
1303 701 1474 742 lamellae
1514 704 1610 744 inter
1638 703 1798 757 paralle-

510 764 684 821 lepipeda
704 762 844 803 inuerso
864 763 1042 802 virtutem
1064 762 1128 815 ipsi
1154 763 1389 803 directricem
1418 766 1586 806 adimere
1621 768 1797 809 volebam

511 841 589 882 ope
607 840 696 867 veru
717 857 727 875 ,
747 825 932 866 obseruaui
953 825 997 865 ad
1016 825 1221 865 tollendam
1258 829 1512 877 magneticam
1541 830 1718 868 virtutem
1741 842 1794 869 re-

510 891 603 944 quiri
637 889 756 929 multo
791 888 976 928 maiorem
1013 900 1213 928 numerum
1248 890 1462 939 dustuum,
1498 904 1608 943 quam
1644 892 1689 931 ad
1714 904 1798 933 cam

511 953 763 993 tribuendam.
831 951 1003 1005 Quatuor
1035 953 1138 991 enim
1173 951 1403 991 sufficiebant
1442 954 1486 992 ad
1527 954 1761 993 tribuendam
1785 979 1795 996 ,

511 1015 539 1056 fi
569 1015 682 1058 semel
714 1014 861 1054 lamella
882 1014 1134 1064 magneticam
1156 1014 1333 1052 virtutem
1353 1024 1547 1067 acceperat
1566 1014 1687 1068 (Exp.
1708 1014 1802 1070 ΙΙΙ.)

514 1089 553 1116 et
587 1077 791 1116 inflexione
828 1105 839 1123 ‚
888 1073 987 1125 lapsu
1028 1074 1089 1114 vel
1129 1075 1324 1114 contrariis
1357 1076 1523 1118 duetibus
1554 1078 1766 1131 perdiderat
1788 1110 1801 1130 ,

514 1140 607 1180 dum
640 1146 793 1180 centum
829 1147 905 1176 non
938 1135 1168 1179 sufficiebant
1209 1138 1254 1178 ad
1299 1139 1474 1182 virtutem
1508 1141 1767 1182 adimendam.

912 1265 1291 1310 EXPERIM.
1338 1268 1412 1309 VI.

328 1365 509 1405 'navt
671 1359 711 1403 Si
761 1361 848 1401 loco
900 1359 1106 1399 ferreorum
1145 1361 1451 1402 fulcimentorum
1493 1377 1514 1401 c
1554 1372 1594 1401 et
1626 1365 1654 1402 d
1682 1365 1802 1416 lignea

357 1448 428 1498 Fig.
459 1456 491 1484 6·
520 1425 730 1466 fulcimenta
764 1423 915 1464 adhibui
952 1455 963 1472 ‚
1003 1422 1118 1461 virtus
1150 1432 1250 1461 tauta
1282 1424 1386 1462 nullo
1416 1425 1537 1464 modo
1571 1435 1647 1465 tani
1685 1440 1804 1478 paruo

521 1497 698 1541 tempore
729 1487 900 1527 lamellae
930 1485 1055 1538 potuit
1090 1485 1228 1537 tribui,
1261 1497 1396 1539 quanta
1427 1487 1453 1527 fi
1489 1487 1702 1528 fulcimenta
1730 1491 1803 1529 ser-

519 1563 580 1591 rea
613 1550 780 1591 adhibita
815 1549 905 1590 sunt.

672 1617 825 1662 Michel
851 1620 991 1660 nullam
1023 1619 1263 1659 mentionem
1295 1619 1379 1661 iacit
1406 1620 1712 1661 fulcimentorum
1736 1621 1802 1662 fer-

522 1695 674 1725 reorum
697 1693 772 1725 cet
805 1685 850 1736 d,
884 1694 930 1725 vt
963 1683 1156 1738 probabile
1174 1684 1216 1724 sit
1233 1716 1244 1735 ,
1264 1684 1380 1737 ipsum
1409 1684 1472 1724 ista
1490 1697 1567 1724 nou
1588 1684 1804 1726 adhibuisse.

906 1818 1281 1861 EXPERIM.
1330 1819 1420 1860 VII.

680 1911 721 1954 Si
753 1925 914 1967 quatuor
947 1914 1102 1955 lamellis
1136 1914 1285 1954 abed
1313 1915 1410 1955 dista
1446 1913 1589 1954 ratione
1624 1913 1730 1968 Exp.
1767 1913 1804 1955 Ι.

363 1975 442 2025 Fig.
472 1986 502 2016 7-
529 1978 740 2029 magnetica
774 1979 911 2017 virtute
943 1978 1119 2026 imbutis,
1153 1977 1265 2017 aliam
1298 1979 1358 2034 ef
1374 1990 1495 2031 ‚quae
1520 1978 1689 2018 nondum
1729 1979 1805 2019 vit-

527 2049 643 2078 tutem
677 2050 870 2092 acceperat
891 2073 902 2091 ‚
936 2041 1030 2080 inter
1071 2039 1179 2079 scri-ca
1201 2042 1505 2095 parallelepipeda
1524 2042 1558 2082 E
1578 2040 1619 2082 D
1651 2052 1688 2081 ct
1719 2041 1748 2080 F
1767 2036 1805 2081 G

524 2099 630 2158 super
664 2101 884 2143 fulcimenta
926 2104 1041 2144 ferrea
1084 2103 1258 2146 locabam
1298 2116 1337 2146 et
1369 2106 1514 2162 priores
1543 2119 1568 2147 a
1586 2105 1609 2147 b
1627 2105 1692 2146 cd
1719 2115 1806 2142 am·

1627 2165 1806 2222 plioribus
