2013 2703
1085 226 1118 287 )(
1150 235 1211 278 26
1245 228 1280 288 l(

527 363 647 398 tatem
682 355 947 411 armospherae
979 368 1109 397 aereae
1142 356 1386 411 spontaneam
1416 388 1427 408 ,
1477 356 1550 399 fine
1581 357 1839 415 fulmineam}

527 432 592 462 aut
629 422 837 461 naturalem
858 452 869 470 ‚
919 430 1162 460 concernunt.
1227 419 1274 461 In
1326 429 1483 474 vttoque
1535 435 1672 476 genere
1724 425 1839 467 habet

528 484 681 525 Auctor
712 496 806 538 quae
824 483 892 537 ipsi
911 484 1067 539 propria
1085 512 1096 534 ,
1130 495 1174 525 ac
1197 514 1211 538 ‚
1244 492 1289 528 vt
1320 483 1406 527 orbi
1423 485 1570 527 erudito
1585 487 1838 544 innotestant‚

524 547 642 603 digna
659 578 672 602 ‚
703 555 893 603 putamus-

687 675 811 719 Natus
843 685 922 716 erat
955 674 1079 717 noster
1107 673 1312 717 Pernauiae
1345 674 1384 716 in
1438 673 1604 717 Liuonia
1648 676 1709 717 die
1762 677 1843 721 XI.

529 733 620 782 Iulii
653 739 690 783 st.
712 751 750 780 v.
781 740 970 780 clalaccxx
986 769 996 780 .
1019 749 1137 798 ‘patre
1156 736 1378 779 Wilhelmo
1405 740 1654 782 Richrnanno
1674 769 1685 788 ‚
1713 742 1840 795 Quae-

533 804 635 846 store
668 805 749 844 eius
778 801 879 844 vrbis
901 834 912 855 ‚
945 801 1006 844 sub
1039 802 1161 843 finem
1180 804 1267 844 anni
1291 812 1406 852 1710
1426 833 1438 854 ,
1472 813 1675 857 antequam
1718 805 1840 845 nasce-

533 878 637 909 retur
669 867 820 919 noster‚
853 863 956 921 peste
990 864 1183 909 defunCtO.
1267 865 1395 907 Bonas
1442 867 1580 908 litteras
1630 867 1809 909 Reualiae
1832 896 1844 919 ‚

534 931 651 974 Halae
686 941 726 971 et
760 930 872 971 lenae
903 933 1074 984 gnauiter
1106 928 1305 982 excoluit,
1339 940 1462 971 totum
1494 931 1528 971 se
1561 930 1775 971 Matheseos
1802 940 1843 971 et

533 993 714 1048 Phyfices
753 994 878 1035 studiis
928 996 1169 1035 consecrauit.
1255 992 1376 1034 Venit
1427 994 1645 1047 Petropolin
1682 1026 1692 1046 ‚
1743 993 1844 1035 filios

534 1056 707 1099 Comitis
735 1058 978 1098 Ostermanni
1010 1058 1145 1099 litteris
1182 1056 1392 1098 imbuturus
1414 1085 1425 1104 ‚
1454 1070 1529 1110 quo
1566 1070 1722 1098 munere
1773 1069 1842 1111 per

536 1122 683 1176 aliquot
715 1133 833 1162 annos
862 1132 943 1161 non
979 1121 1054 1162 sine
1088 1120 1196 1161 laude
1231 1121 1378 1160 functus
1410 1120 1476 1158 est,
1541 1122 1661 1160 Anno
1718 1131 1836 1171 ¹⁵35

533 1185 577 1227 in
631 1185 838 1226 Academia
873 1182 1056 1224 Adiunffl
1091 1194 1227 1223 munus
1258 1182 1451 1232 obtinuit,
1498 1194 1600 1222 anno
1648 1194 1755 1233 1741
1798 1183 1844 1224 ad

533 1247 808 1290 Profeffionem
843 1246 1019 1297 Physrces
1046 1245 1380 1285 extraordinariam
1402 1274 1413 1294 ,
1448 1253 1488 1282 et
1517 1255 1620 1282 anno
1655 1258 1769 1295 1745
1801 1246 1849 1287 ad

536 1310 771 1353 ordinariam
792 1342 802 1361 ,
835 1308 938 1349 abitu
973 1307 1061 1350 Cel.
1095 1307 1244 1348 Krafftii
1281 1318 1467 1357 vacuam,
1490 1307 1684 1348 adscendit.
1722 1308 1845 1349 Diem

534 1377 638 1416 vitae
673 1373 856 1413 vltimum
892 1371 987 1413 vidit
1006 1370 1171 1413 XXVI.
1209 1369 1294 1411 Iulii
1320 1381 1460 1420 175³,
1495 1369 1687 1423 Orpheo,
1708 1373 1848 1412 Aescu-

533 1437 637 1493 rapio
656 1469 668 1488 ‚
723 1434 919 1477 Zoroastri
959 1468 970 1488 ,
1018 1435 1145 1477 similis
1174 1468 1183 1486 ,
1234 1434 1296 1488 qui
1348 1434 1462 1474 etiam
1514 1431 1670 1474 fulmine
1722 1434 1848 1475 enecti

534 1504 727 1557 perierunt
749 1533 760 1552 ,
810 1500 867 1541 sed
900 1501 963 1552 qui
997 1502 1115 1554 magis
1142 1498 1397 1540 Ethnicornm
1451 1496 1606 1549 fabulis,
1646 1510 1760 1552 quam
1796 1499 1851 1539 ob

535 1566 609 1611 hoc
644 1564 766 1618 ipsum
787 1592 799 1612 ,
815 1563 1073 1605 celebritatem
1092 1563 1258 1603 nominis
1290 1561 1461 1615 assequuti
1479 1562 1557 1600 lunt
1581 1594 1590 1611 ‚
1620 1574 1705 1602 cum
1727 1561 1851 1603 noster

537 1642 561 1671 e
612 1628 811 1669 contrario
870 1626 1012 1668 {liniam
1065 1627 1127 1667 sibi
1176 1625 1316 1679 {criptis
1370 1635 1517 1677 partam
1572 1624 1721 1665 inlolito
1773 1626 1848 1665 hoc

539 1693 678 1735 mortis
709 1703 843 1744 genere
875 1702 990 1744 qnam
1045 1691 1221 1731 maxime
1269 1687 1567 1729 confir-manmit.
1626 1688 1668 1728 Si
1721 1689 1849 1742 plures

539 1767 649 1797 erunt
683 1755 816 1795 eruditi
855 1765 1068 1806 martyres,
1100 1754 1164 1808 qui
1217 1753 1254 1792 in
1306 1751 1384 1805 ipsa
1434 1751 1625 1791 fiind‘tione
1677 1754 1843 1792 muneris

538 1820 588 1862 sui
611 1852 621 1871 ,
655 1829 694 1858 et
728 1828 886 1872 propter
919 1830 1006 1858 eam
1039 1817 1156 1871 ipram
1178 1850 1187 1868 ,
1225 1827 1396 1856 mortem
1432 1813 1523 1868 palli
1554 1813 1661 1863 linit,
1711 1814 1842 1868 procul

540 1883 657 1924 dnbio
692 1881 956 1923 Richmannus
987 1882 1109 1921 noster
1141 1881 1322 1920 choream
1366 1880 1488 1918 ducet.
1540 1876 1740 1918 Caeterum
1790 1880 1846 1919 le-

543 1944 690 1987 ctorem
726 1943 961 1984 remittimus
993 1944 1035 1983 ad
1067 1956 1134 1992 ca,
1164 1954 1259 1995 quac
1296 1943 1344 1980 de
1379 1942 1524 1993 tragico
1544 1942 1616 1981 hoc
1636 1953 1768 1982 euentu
1802 1943 1841 1980 in

542 2004 711 2063 singulari
747 2008 886 2060 scripto
906 2037 919 2058 ,.
951 2006 1279 2047 ‘transactionibus
1310 2004 1586 2056 Philolophicis
1632 2004 1850 2058 Anglicauis

542 2086 616 2132 pro
650 2084 750 2117 anno
785 2082 901 2124 1753
924 2071 1084 2125 inserto>
1113 2069 1365 2112 commentati
1399 2067 1533 2111 inmus-

1712 2196 1779 2239 PH
1784 2197 1848 2243 Y-
