2013 2703
549 142 641 186 374
697 134 786 179 DE
819 127 1262 177 COHAESIONE
1293 125 1692 175 SOLIDORVM

537 254 825 295 comburuntur.
862 246 936 288 Sed
956 247 1006 286 ita
1032 244 1187 300 dispersa
1207 255 1246 287 et
1273 246 1486 290 oberrantia
1506 249 1544 289 in
1565 250 1661 291 vasta
1681 260 1816 301 atmo-

535 318 691 372 sphaera
732 316 869 354 horum
913 319 1085 350 meteora
1126 310 1266 351 iterum
1310 311 1514 352 redduntur
1561 315 1699 356 telluris
1731 328 1820 368 gre.

535 383 621 423 mio
640 413 649 430 ‚
684 376 826 431 quoties
850 387 939 415 cum
967 386 1053 415 rore
1073 406 1082 425 ,
1110 375 1241 427 pruina
1262 407 1272 426 ‚
1299 375 1435 415 nebula
1455 407 1465 427 ,
1492 374 1616 428 pluuia
1636 410 1648 430 ,
1674 379 1794 419 imbre
1813 411 1823 425 ,

535 444 742 492 decidunt,
776 448 886 492 atque
920 437 1029 478 salina
1049 471 1059 490 ,
1091 438 1240 490 oleoffi,
1274 438 1479 492 saponacea
1520 451 1634 493 aquae
1669 442 1793 482 mixta
1815 477 1826 496 ,

536 508 740 559 eidemque
781 504 918 543 intime
960 511 1079 556 nupta
1105 534 1116 554 ,
1165 502 1227 542 sub
1270 503 1392 543 forma
1431 502 1553 542 lixiuii
1596 503 1828 547 subtilissima

537 569 703 611 sabulcta
738 575 960 621 penetrant,
994 576 1032 605 et
1065 566 1103 604 in
1134 566 1379 606 subterraneis
1413 566 1469 606 his
1504 565 1627 619 locis,
1670 579 1740 620 per
1774 568 1832 608 al-

477 668 480 669 γ
539 642 687 673 ternam
719 632 816 684 iguis
844 639 882 670 ct
914 630 1011 670 ae'ris
1053 629 1327 670 oscillationem
1352 663 1361 680 ,
1404 642 1494 670 cum
1540 629 1604 670 suo
1649 631 1830 673 vehiculo

537 705 739 738 commota
773 707 794 735 a
829 693 962 734 bibulis
994 691 1206 747 plantarum
1242 695 1409 734 radicum
1431 694 1561 733 osculis
1580 694 1834 748 recipiuntur,

541 773 688 801 nouum
732 759 818 810 his,
861 769 1006 798 nouum
1051 757 1308 809 animalibus,
1352 758 1490 797 iterum
1535 759 1719 798 redditura
1763 759 1835 800 ali·

539 833 731 865 mentum.
799 820 863 862 Sic
897 830 1159 874 permutantur
1189 821 1357 874 quotidie
1393 832 1517 873 partes
1550 822 1771 863 animalium
1795 823 1834 862 in

538 887 744 928 materiem
781 885 1050 938 vegetabilem.
1120 883 1181 925 Sic
1214 896 1261 923 ex
1297 884 1434 937 plmris
1476 883 1675 935 assumtis,
1719 886 1831 925 omui

538 959 749 990 momento
806 950 952 989 aluntur
990 948 1209 988 animalium
1253 959 1442 1000 corpora,
1486 947 1692 999 iisdemque
1735 961 1830 988 con-

540 1013 739 1054 stituuntur
773 1012 979 1053 assimilatis
1020 1012 1057 1050 in
1106 1011 1205 1050 suam
1249 1010 1412 1050 foi-mmm
1453 1041 1464 1059 ,
1505 1012 1582 1049 a'e'ri
1626 1019 1662 1049 ct
1711 1019 1832 1052 terrae

538 1076 679 1116 iterum
714 1075 957 1116 reddendam.
1027 1072 1156 1124 Vsque
1190 1074 1237 1113 de
1280 1083 1377 1112 terra
1410 1073 1575 1113 oriuntur
1619 1074 1655 1112 in
1696 1077 1827 1115 ae'rem

540 1140 671 1180 omnia
699 1172 710 1191 ,
751 1139 803 1179 ita
845 1150 894 1178 ex
928 1136 1068 1177 eodem
1106 1137 1321 1178 relabuntur
1354 1136 1486 1176 consta
1518 1138 1554 1176 in
1590 1137 1694 1177 illam
1715 1171 1726 1190 ,
1760 1147 1829 1179 ite-

541 1215 628 1243 rum
664 1202 856 1257 proditura
888 1200 1035 1242 circulo
1069 1201 1265 1241 continuo.
1332 1199 1387 1240 Vt
1419 1212 1513 1253 ergo
1544 1201 1724 1242 omnium
1766 1214 1832 1243 re-

540 1279 627 1309 rum
662 1278 781 1307 vnum
816 1265 932 1306 chaos
966 1274 1063 1304 terra
1086 1295 1097 1315 ‚
1134 1264 1184 1303 ita
1217 1265 1375 1304 alterum
1411 1267 1476 1304 a'e’r
1506 1265 1572 1305 est.

660 1331 769 1388 Quae
806 1329 960 1370 iuterim
996 1327 1042 1366 de
1076 1329 1297 1380 corporibus
1327 1328 1520 1380 rapiuntur
1554 1328 1592 1366 in
1630 1328 1708 1368 vita
1742 1342 1830 1382 par-

541 1392 709 1444 ticulae,
741 1405 860 1445 neque
891 1402 984 1444 quac
1020 1391 1102 1442 post
1138 1400 1304 1430 mortem
1344 1390 1586 1440 separantur,
1621 1389 1691 1428 siue
1727 1392 1827 1443 igue,

542 1457 617 1498 sule
652 1455 928 1509 putrefactio-ne
962 1452 1024 1493 illa
1056 1453 1301 1492 dissoluuntur
1337 1483 1347 1502 ,
1398 1451 1478 1490 suut
1511 1451 1657 1504 semper
1692 1451 1828 1494 tolutae

541 1521 582 1561 in
603 1551 613 1570 ‚
646 1519 777 1559 omnia
806 1516 1071 1557 constituentia
1098 1547 1107 1564 ,
1143 1516 1303 1555 minima
1339 1515 1524 1553 clementa
1549 1528 1559 1566 3
1595 1517 1824 1557 contrarium

543 1583 658 1624 docet
699 1582 815 1622 virtus
855 1581 991 1622 harum
1024 1578 1292 1618 molecularum
1328 1575 1515 1615 odorifera
1548 1577 1620 1616 late
1641 1578 1794 1629 dispersa
1817 1611 1827 1630 ‚

545 1645 769 1700 etquidem
803 1645 841 1685 in
875 1644 953 1684 aliis
992 1642 1132 1682 diuersa
1174 1640 1390 1680 animalibus
1426 1672 1436 1689 ‚
1486 1641 1541 1679 vti
1583 1640 1620 1679 iu
1660 1642 1829 1681 carnibus

547 1710 684 1750 tabidis
716 1718 756 1748 et
790 1708 884 1762 pisce
919 1704 1132 1760 putrcfasto
1152 1705 1203 1744 est
1232 1705 1383 1744 euidens
1402 1703 1608 1742 distinstm.
1676 1703 1829 1757 Neque,

546 1772 687 1826 relapfii
723 1774 760 1814 iu
796 1783 935 1812 terram
958 1802 969 1820 ,
1000 1769 1152 1822 semper
1185 1770 1221 1807 iu
1256 1767 1441 1821 principia
1461 1766 1636 1807 diiiiliuut
1657 1799 1666 1817 ,
1702 1768 1756 1808 vti
1777 1781 1828 1808 ex

547 1836 834 1877 combinatione
874 1847 963 1875 cum
1004 1845 1094 1886 aqua
1138 1831 1290 1885 patuit3
1328 1831 1450 1870 multo
1484 1832 1608 1870 minus
1648 1831 1685 1871 id
1729 1830 1827 1882 fiet,

547 1899 640 1939 dum
684 1898 952 1951 vegetabilibus
993 1904 1185 1947 recepta,
1230 1907 1296 1947 per
1337 1893 1472 1933 affabre
1504 1893 1644 1933 horum
1690 1895 1826 1937 fac'tun

547 1974 776 2015 compagem
812 1963 851 2002 iu
887 1960 1074 2015 propriam
1112 1967 1282 1997 mtumm
1311 1957 1562 1997 claborantur.

702 2025 799 2066 Hine
835 2026 988 2065 taudem
1022 2023 1242 2060 concludere
1283 2021 1429 2060 ausim:
1480 2020 1582 2075 quod
1620 2021 1826 2061 Flentem

551 2089 727 2131 omnium
763 2089 917 2143 prima,
966 2087 1007 2127 iu
1051 2085 1229 2125 omuibus
1270 2085 1488 2139 corporibus
1530 2085 1753 2125 annualium
1789 2094 1825 2121 ct

1703 2158 1824 2200 vege-
