2013 2703
589 167 683 208 ,μ
828 122 1667 198 DEMONSTRATJO

586 284 743 340 angulus
775 281 819 324 D
848 280 1033 322 resecetur
1051 311 1062 330 ,
1097 278 1241 332 figurae
1274 278 1435 319 refiduae
1455 294 1632 323 numerus
1651 282 1881 336 angulorum

587 351 657 391 erit
688 361 739 388 2:
764 350 801 387 A
822 367 855 374 -
886 358 903 383 1
935 358 945 397 3
980 356 1157 384 numerus
1189 352 1315 383 autem
1350 343 1508 384 laterum
1530 378 1540 396 ‚
1586 347 1669 399 quia
1711 350 1786 387 duo
1829 347 1882 386 la-

588 426 665 452 tera
700 409 733 450 C
753 410 813 461 D,
832 418 870 449 et
903 407 943 449 D
965 408 1000 448 E
1022 407 1103 448 sunt
1125 407 1257 447 (ublata
1278 440 1289 459 ,
1321 420 1456 448 eorum
1479 420 1606 449 autem
1629 410 1715 450 loco
1738 422 1880 451 nouum

584 476 678 516 latus
709 472 744 514 C
765 475 800 516 E
834 472 978 513 acceffit
1001 505 1012 524 ,
1041 473 1114 513 erit
1136 485 1190 512 z
1211 471 1244 512 L
1265 493 1306 499 —
1331 484 1369 512 1.
1436 472 1537 513 Hinc
1558 484 1664 526 patet
1684 507 1694 524 ‚
1713 474 1737 513 si
1759 475 1885 513 denno

586 551 680 579 vuus
718 538 872 593 angulus
921 536 1100 578 resecetur
1118 569 1130 589 ,
1181 549 1383 577 numerum
1435 536 1659 590 angulorum
1711 537 1795 578 fore
1830 550 1886 578 Ξ.-

587 604 626 644 Α
644 625 685 631 -
708 615 731 642 2
755 636 768 655 ‚
799 612 1076 655 numerumque
1109 601 1265 640 laterum
1304 613 1358 639 Ξ
1380 600 1412 640 L
1432 621 1473 628 -
1495 614 1516 639 2
1543 615 1553 654 ·‚
1593 614 1704 655 atque
1738 601 1765 643 fi
1807 602 1884 642 iam

586 667 663 708 hoc
701 667 822 707 modo
851 675 875 704 n
909 665 1031 718 auguli
1063 664 1195 705 fuerint
1235 665 1361 704 rese-<sti
1384 696 1394 716 ,
1436 664 1574 717 figurae
1614 666 1776 706 residuae
1817 678 1889 706 nu·

588 743 714 772 merus
747 731 972 785 angulorum
1012 729 1082 769 erit
1122 741 1174 769 :-
1197 728 1365 780 A—n,
1411 739 1450 768 et
1503 742 1679 769 numerus
1724 730 1884 771 laterum

589 795 807 836 :L—n.
871 791 928 834 Sit
962 793 1162 834 iam'haec
1192 791 1310 846 figura
1345 791 1481 832 residua
1523 794 1745 845 tri-‚iugulum
1767 826 1778 845 ,
1818 793 1889 834 erit

590 859 631 900 A
651 883 675 889 -
694 870 717 898 n
737 872 792 898 z
814 870 837 906 3
861 890 872 911 ,
904 867 943 898 et
974 857 1009 897 L
1027 878 1067 884 -
1087 869 1110 899 n
1129 870 1184 896 z
1207 867 1229 904 3
1246 846 1267 910 '3
1305 856 1406 896 vnde
1439 855 1597 909 sequitur
1616 857 1695 896 lose
1714 856 1746 896 L
1767 869 1798 895 z
1822 857 1860 897 A
1877 889 1889 908 ,

589 921 644 963 stu
678 923 719 962 in
752 924 879 977 quauis
912 921 1031 976 figura
1063 921 1256 963 restilinea
1291 932 1493 961 numerum
1512 920 1670 962 laterum
1696 920 1890 974 aequalem

589 984 666 1027 effe
696 999 860 1027 numero
891 987 1132 1038 angulorum.

709 1050 867 1092 Deinde
900 1050 943 1088 fit
977 1049 1013 1090 R
1048 1058 1229 1087 numerus
1269 1043 1494 1098 angulorum
1541 1045 1733 1087 restorum
1756 1079 1766 1099 ‚
1811 1048 1895 1100 qui-

591 1115 662 1154 bus
691 1125 826 1153 omnes
858 1108 982 1165 anguli
1015 1109 1158 1164 figurae
1191 1108 1409 1164 propositae
1443 1110 1480 1149 A
1502 1106 1536 1148 B
1556 1108 1590 1158 C
1611 1109 1650 1151 D
1670 1111 1704 1151 E
1724 1110 1754 1151 F
1783 1106 1820 1151 G
1850 1099 1895 1156 fi-

593 1175 674 1218 mul
706 1175 819 1217 sumti
853 1174 935 1216 sunt
968 1174 1168 1229 aequ.1les‚
1201 1183 1311 1229 atque
1354 1171 1497 1213 resesto
1533 1176 1676 1228 angulo
1712 1174 1782 1229 D,
1832 1173 1891 1217 seu

595 1241 785 1295 triangulo
818 1236 852 1278 C
871 1237 914 1279 D
935 1238 972 1278 E
993 1270 1004 1288 ‚
1036 1239 1083 1279 ab
1116 1238 1257 1291 angulis
1289 1236 1429 1290 figurae
1463 1237 1674 1280 auferantur
1713 1249 1784 1280 tres
1827 1252 1895 1280 an-

597 1305 673 1359 guli
710 1303 886 1356 trianguli
919 1299 954 1341 C
977 1301 1018 1342 D
1038 1301 1074 1342 E
1095 1334 1106 1352 ,
1140 1301 1200 1354 qui
1233 1312 1321 1339 cum
1353 1302 1521 1354 aequales
1557 1304 1624 1344 siut
1657 1304 1800 1344 duobus
1839 1317 1897 1345 re-

599 1369 667 1410 &is
686 1401 698 1421 ,
729 1365 878 1408 summa
928 1365 1152 1420 angulorum
1205 1363 1345 1416 figurae
1382 1363 1544 1404 refiduue
1577 1368 1609 1407 Α
1634 1365 1667 1406 Β
1688 1367 1720 1407 C
1745 1369 1776 1408 E
1799 1368 1828 1411 F
1857 1364 1896 1409 G

597 1432 814 1486 aequabitur
845 1431 880 1473 R
904 1451 943 1457 ——
965 1443 989 1469 2
1012 1428 1153 1483 angulis
1192 1426 1305 1466 ret-stis
1327 1457 1337 1476 ,
1373 1439 1533 1467 numero
1567 1428 1795 1482 angulorum
1817 1431 1896 1470 cxl-

599 1496 718 1538 stente
754 1497 829 1536 iam
864 1494 1035 1535 :A-
1059 1506 1097 1532 1.
1171 1487 1212 1531 Si
1251 1490 1379 1530 denuo
1404 1491 1555 1544 angulus
1595 1492 1774 1535 relecetur
1803 1525 1813 1546 ,
1856 1503 1897 1533 vt

601 1573 780 1604 numerus
819 1560 1039 1614 angulorum
1079 1557 1122 1598 sit
1155 1569 1209 1595 Ξ
1232 1555 1266 1595 Α
1289 1575 1329 1580 -
1353 1566 1410 1604 2,
1444 1567 1574 1594 eorum
1628 1555 1776 1596 summa
1827 1557 1900 1599 erit

602 1639 656 1667 3..-
678 1628 772 1668 R—
793 1639 823 1675 4
858 1624 1000 1677 resti53
1038 1630 1149 1675 atque
1184 1620 1208 1660 si
1254 1620 1329 1659 iam
1365 1631 1386 1657 n
1422 1618 1576 1671 angulos
1611 1619 1878 1661 absciderimus
1915 1631 1921 1638 ·

601 1700 646 1731 vt
690 1689 830 1744 figurae
873 1688 1034 1729 residuae
1077 1696 1252 1725 numerus
1294 1682 1514 1734 angulorum
1555 1682 1597 1723 fit
1640 1697 1692 1725 :t
1715 1685 1751 1726 Α
1774 1698 1855 1724 -η
1878 1671 1901 1735 ,’

605 1767 739 1795 eorum
783 1754 932 1794 summa
973 1749 1188 1804 aequabitur
1229 1748 1325 1790 R—
1361 1759 1426 1785 271
1469 1747 1613 1801 augulis
1652 1748 1776 1795 recftis.
1841 1747 1898 1790 Sit

605 1831 704 1859 nunc
740 1818 805 1859 issa
840 1818 957 1870 figura
976 1814 1115 1856 residua
1138 1812 1388 1866 triangulum,
1424 1811 1482 1851 seu
1518 1814 1553 1852 A
1575 1834 1615 1839 —
1635 1824 1656 1854 n
1678 1826 1728 1851 z
1755 1825 1776 1862 3
1793 1814 1902 1867 ,quia

608 1882 757 1923 summa
791 1883 1015 1936 angulorum
1047 1879 1099 1919 est
1132 1890 1184 1917 :z
1211 1889 1232 1914 2
1271 1876 1381 1916 restis
1402 1909 1411 1926 ,
1443 1876 1516 1915 erit
1550 1877 1583 1918 R
1608 1898 1647 1904 -
1681 1891 1702 1916 2
1727 1891 1748 1918 n
1769 1891 1818 1919 :z
1842 1890 1863 1916 2
1890 1891 1901 1930 ·,

608 1945 695 1985 inde
731 1957 826 1985 vero
860 1945 912 1985 est
957 1957 978 1982 2
1001 1944 1038 1984 A
1061 1963 1099 1969 -—
1127 1953 1192 1980 271
1214 1953 1266 1980 z:
1287 1944 1344 1991 6,
1380 1953 1398 1979 ’.ι
1434 1953 1504 1994 qua
1526 1973 1536 1992 ,
1572 1941 1595 1982 fi
1636 1942 1698 1981 ista
1733 1943 1902 1996 aequatio

609 2010 816 2057 aust-ratur,
852 2010 920 2050 erit
943 2021 964 2046 2
990 2009 1025 2048 A
1046 2027 1084 2036 --
1104 2007 1138 2048 R
1160 2018 1213 2044 :-
1238 2019 1294 2055 4,
1327 2006 1380 2045 seu
1401 2005 1435 2046 R
1458 2017 1509 2044 Σ
1535 2017 1556 2042 2
1581 2009 1616 2048 A
1637 2028 1675 2033 -—
1697 2021 1725 2057 4
1748 2020 1798 2046 :-
1825 2003 1902 2044 21⁴

608 2094 650 2101 -—
670 2088 699 2123 4
720 2089 727 2112 ;
765 2074 890 2125 sicque
925 2071 1066 2112 constat
1087 2103 1096 2121 ,
1132 2069 1170 2109 iu
1204 2070 1329 2123 quouis
1350 2070 1547 2123 polygoni)
1566 2067 1750 2112 {nmmum
1773 2070 1905 2109 omui-

609 2149 679 2177 vm
715 2136 939 2189 angulorum
974 2134 1165 2188 aequalem
1199 2134 1268 2175 cui:
1302 2135 1355 2174 bis
1388 2143 1445 2174 tot
1479 2134 1622 2186 augulis
1650 2133 1760 2174 rectis
1781 2165 1790 2183 ,
1810 2141 1905 2184 quot

607 2202 691 2243 sunt
725 2201 837 2241 latera
871 2199 1009 2240 demtis
1040 2210 1212 2252 quatuor,
1782 2193 1905 2238 Simili
