2013 2703
586 160 643 201 54
819 142 1631 192 DECONSTRVCTIONE

585 277 764 332 peculiari
797 275 1022 316 definitione
1055 265 1271 326 declarare3
1306 286 1393 314 cum
1429 278 1484 317 vis
1516 278 1620 317 huius
1638 277 1864 317 denomina-

585 341 702 380 tionis
752 352 802 379 cx
853 338 1133 392 applicatione,
1185 349 1296 389 quam
1350 338 1448 390 feci,
1501 340 1632 393 sponte
1673 350 1862 393 appareat.

585 404 730 458 Quodsi
761 404 866 442 enim
901 400 1078 441 machina
1116 411 1354 454 quaecunque
1396 415 1416 441 a
1468 404 1509 442 vi
1562 417 1774 456 quacunque
1829 404 1866 442 iu

586 476 695 508 motu
730 465 969 506 conseruetur
990 496 1000 514 ,
1034 463 1187 517 spectari
1219 463 1329 504 debet
1364 465 1542 517 pune'tum
1580 466 1775 506 machinae
1809 467 1869 506 cui

586 530 680 571 haec
711 530 770 570 vis
802 529 856 569 est
888 527 1075 582 applicata
1096 559 1106 578 ‚
1141 526 1318 580 huiusque
1353 528 1500 582 insuper
1532 530 1661 582 puncti
1703 530 1870 569 celeritas

585 606 623 633 et
657 593 817 633 direc‘tio
852 592 1053 632 secundum
1088 602 1203 643 quam
1239 602 1416 631 mouetur
1437 625 1447 642 ,
1480 603 1562 633 tum
1605 593 1671 633 nisi
1710 592 1871 632 directio

588 658 644 697 vis
679 655 911 696 sollicitantis
944 656 981 694 in
1018 653 1113 693 hanc
1150 654 1269 705 ipsam
1305 655 1556 696 directionem
1593 658 1729 697 incidat
1768 686 1777 699 ‚
1828 668 1872 695 ea

588 733 660 775 per
693 731 800 759 notas
833 718 1061 759 resolutionis
1094 717 1232 769 regulas
1271 718 1317 757 ad
1369 718 1464 757 hauc
1514 720 1767 760 directionem
1822 719 1875 759 est

587 783 798 826 reducenda
827 814 840 835 ‚
882 793 924 822 vt
964 780 1176 821 obtineatur
1232 781 1290 819 vis
1332 781 1511 834 punstum
1553 783 1642 822 istud
1677 783 1876 823 machinae

586 847 791 888 secundum
826 855 953 886 motus
984 844 1034 884 sui
1068 844 1314 884 directionem
1360 845 1583 896 sollicitans,
1625 859 1719 899 quae
1759 847 1875 884 etiam

588 920 673 951 tota
702 911 749 952 ad
783 920 936 951 motum
971 908 1171 949 machinae
1204 908 1483 948 accelerandum
1504 910 1750 949 insumeretur
1774 943 1783 959 ,
1820 909 1877 947 ni-

588 975 615 1016 si
649 974 833 1016 obstacula
867 972 1180 1014 accelerationem
1218 982 1342 1010 motus
1374 973 1619 1024 impedirent.
1686 973 1788 1011 Tum
1816 971 1879 1010 ista

590 1038 649 1078 vis
667 1071 678 1089 ,
711 1038 736 1079 fi
771 1050 839 1091 per
869 1037 1095 1077 celeritatem
1122 1034 1250 1087 puncti
1271 1065 1280 1083 ,
1312 1034 1371 1073 cui
1406 1034 1456 1073 est
1485 1034 1672 1087 applicata
1694 1067 1704 1084 ,
1750 1034 1880 1074 multi-

589 1102 776 1156 plicetur,
808 1099 1038 1152 produe'tum
1073 1098 1144 1136 erit
1178 1098 1244 1147 id,
1282 1096 1384 1149 quod
1415 1095 1476 1136 hic
1501 1107 1746 1138 momentum
1762 1097 1878 1138 aestio-

590 1165 648 1204 nis
698 1162 862 1216 appello.
931 1161 1025 1201 Vsus
1062 1170 1190 1200 autem
1234 1159 1340 1201 huius
1370 1161 1561 1201 momenti
1602 1162 1760 1203 aetionis
1802 1175 1884 1202 am-

591 1225 780 1282 pliffimus
808 1226 860 1265 est
894 1225 933 1264 in
964 1224 1208 1265 diiudicandis
1242 1224 1371 1262 omnis
1389 1225 1530 1276 generis
1548 1226 1730 1265 machinis
1749 1257 1759 1276 ,
1793 1238 1882 1265 nam

590 1290 620 1333 fi
652 1290 826 1329 omnium
858 1288 995 1327 virium
1019 1317 1029 1335 ‚
1064 1286 1193 1339 quibus
1225 1285 1401 1327 machina
1435 1287 1633 1339 quaepiam
1675 1289 1881 1339 incitatur,

592 1352 670 1396 hoc
703 1352 826 1393 modo
857 1359 1056 1391 momenta
1091 1349 1250 1390 achonis
1282 1350 1503 1402 capiantur,
1537 1359 1646 1404 atque
1680 1351 1717 1389 in
1765 1363 1883 1390 vnam

592 1417 783 1460 summam
813 1415 1092 1463 coniiciantur,
1130 1412 1217 1454 huie
1251 1411 1420 1452 summae
1460 1413 1608 1467 semper
1640 1412 1802 1467 aequalis
1833 1413 1886 1453 est

594 1480 751 1521 effictus
769 1511 782 1531 ,
812 1491 924 1532 quem
961 1476 1137 1519 machina
1171 1476 1381 1531 producere
1410 1476 1508 1517 valet
1527 1507 1538 1526 ,
1579 1490 1804 1531 quocunque
1821 1477 1885 1517 de-

596 1556 709 1587 mum
745 1543 869 1583 modo
900 1541 1073 1582 machina
1111 1541 1152 1581 sit
1185 1552 1235 1581 ex
1276 1539 1459 1581 machinis
1498 1540 1730 1594 simplicibus
1775 1553 1888 1581 com-

596 1607 731 1662 posita.
797 1607 925 1663 Quare
961 1605 986 1645 si
1021 1604 1197 1645 machina
1229 1605 1440 1657 viriumque
1473 1604 1680 1658 applicatio
1723 1606 1773 1645 ita
1831 1605 1889 1644 in·

600 1671 768 1712 stituatur
789 1703 802 1723 ,
858 1680 898 1710 vt
949 1670 1122 1709 omnium
1174 1667 1331 1709 iuneiim
1382 1667 1588 1708 sumtarum
1643 1677 1889 1709 momentum

599 1735 760 1775 actionis
793 1734 858 1776 fiat
893 1734 1114 1774 maximum
1136 1766 1146 1784 ,
1181 1732 1355 1774 machina
1393 1744 1539 1784 quoque
1559 1732 1775 1773 maximum
1803 1733 1891 1772 edet

597 1800 810 1850 effectum,
844 1811 919 1853 quo
953 1798 1076 1838 maior
1119 1797 1164 1837 ab
1199 1797 1328 1837 iisdem
1361 1794 1499 1834 xiribus
1533 1794 1635 1833 nullo
1669 1796 1791 1835 modo
1823 1795 1891 1835 ob-

599 1863 708 1903 tineri
741 1872 864 1915 queat.
931 1862 975 1902 In
1007 1860 1184 1914 praesenti
1218 1861 1368 1913 quidem
1388 1859 1467 1898 casu
1498 1870 1742 1899 momentum
1773 1859 1893 1899 actio-

596 1928 653 1964 nis
707 1928 809 1965 venti
856 1927 893 1964 in
927 1926 1160 1965 clementum
1199 1921 1236 1963 Z
1269 1923 1516 1975 impingentis
1542 1955 1551 1972 ,
1602 1924 1651 1961 ita
1685 1922 1738 1962 est
1779 1934 1892 1962 com-

599 1999 774 2041 paratum
796 2021 807 2040 ,
841 1998 883 2028 vt
902 1990 1068 2044 pluribus
1088 1988 1211 2028 modis
1230 1988 1443 2026 maximum
1466 1988 1636 2026 valorem
1656 1986 1893 2039 adipiscatur.

598 2049 733 2092 Primo
762 2053 868 2091 enim
901 2053 1067 2092 celeritas
1098 2065 1120 2092 u
1150 2053 1200 2091 ita
1234 2050 1383 2090 definiri
1419 2049 1542 2103 potest
1564 2079 1574 2093 .
1622 2059 1663 2089 vt
1711 2060 1896 2089 momen·

599 2123 686 2158 tum
718 2117 937 2157 maximum
974 2115 1117 2156 euadat.
1187 2114 1347 2155 Deinde
1386 2126 1466 2156 tam
1515 2111 1667 2167 angulus
1698 2107 1728 2166 ζ
1780 2125 1894 2165 quam

1742 2175 1898 2230 angulus
