2013 2703
343 143 422 187 ΙΝ
471 142 838 186 CORPORE
887 142 1254 186 ANIMALI.
1358 154 1448 193 379

164 263 361 315 inquinato
398 263 522 302 minus
555 262 739 316 simplicia
773 272 811 300 et
849 260 980 302 viliora
1016 261 1166 302 metalla
1210 263 1248 302 in
1296 263 1451 303 matrice

159 325 220 366 sua
254 325 483 366 condcnfiiri.

303 390 406 442 Ergo
439 389 610 430 videntur
643 390 775 429 omnia
808 388 886 430 fore
908 389 943 428 in
965 401 1090 428 rerum
1124 388 1299 428 vainei-(0
1327 399 1455 430 creato

163 453 331 492 volatilia
358 485 365 503 ,
402 454 524 493 mixta
559 455 595 492 in
628 453 742 492 chaos
761 485 773 504 ‚
807 453 828 493 si
855 455 990 494 abess‘ct
1019 453 1139 492 Terra
1167 463 1204 491 et
1233 453 1450 506 Argentum

164 517 311 556 viuum.
379 516 515 569 Neque
557 516 650 556 haec
693 515 825 554 darent
869 528 995 555 rerum
1030 515 1227 568 principiis
1260 515 1419 557 fiirmam
1443 547 1454 567 ,

162 581 226 620 nili
260 580 428 620 fixentur
463 580 614 619 illorum
651 578 840 618 elementa
875 591 943 632 per
975 579 1179 618 materiem
1214 579 1366 619 fluidam
1395 582 1455 620 iu·

162 643 382 696 terpolitam
404 676 414 694 ‚
448 654 540 696 quae
578 640 785 696 superficies
810 652 850 682 et
879 640 1088 695 asperitates
1114 642 1269 694 laeuigat
1297 645 1347 683 ita
1370 676 1381 694 ,
1414 653 1453 685 x‘t

162 708 402 747 cohaereant.
471 705 578 746 Hanc
612 706 811 746 materiem
855 717 971 746 vnam
1002 704 1073 744 esse
1100 735 1112 755 ,
1148 715 1188 744 et
1220 706 1379 746 eandem
1416 709 1455 747 in

164 769 440 823 vegetabilibus
458 780 495 809 et
513 768 758 821 animalibus,
785 770 839 809 vti
862 768 939 809 sunt
957 767 1224 821 stmpliciffima
1245 801 1255 818 ‚
1284 771 1455 824 adeoque

162 834 299 873 eadem
334 833 521 886 principia
555 832 813 873 constituentia
844 831 919 886 ipsa
940 864 950 883 ,
984 833 1156 871 euincere
1190 843 1344 872 conatus
1388 834 1452 874 fui.

162 896 230 939 Est
272 896 422 937 forsitan
466 906 504 936 et
544 896 695 936 videtur
740 898 909 945 eadem,
944 908 1038 949 quae
1071 895 1110 934 in
1144 894 1361 936 foffibilibus
1393 896 1455 938 sub

161 958 359 1012 Sulpliuris
386 960 547 1000 nomine
574 960 684 999 venit
709 973 797 1000 cum
819 961 882 1000 illa
908 959 1102 999 substantia
1121 989 1134 1010 ,
1167 972 1280 1013 quarn
1309 957 1457 1002 Gluten

160 1022 336 1063 diximus
369 1021 408 1062 in
441 1022 599 1076 reliquis.
651 1021 747 1063 Inde
780 1021 1066 1074 transmigratio
1097 1032 1150 1062 ex
1183 1034 1266 1063 vno
1293 1035 1458 1078 corpore

163 1085 203 1127 in
245 1086 404 1127 alterum
441 1098 518 1126 non
550 1086 642 1126 adeo
673 1084 827 1126 obscura
859 1083 928 1124 est.

304 1149 411 1204 Ergo
444 1148 592 1190 Fossilia
624 1161 713 1189 cum
747 1147 1006 1202 vegetantibus
1031 1157 1072 1189 et
1088 1147 1346 1192 animantibus
1363 1163 1459 1193 con-

162 1213 324 1254 veniunt
345 1243 356 1263 ,
388 1214 536 1255 ratione
562 1213 733 1254 materiei
762 1211 916 1252 fixantis
935 1243 946 1262 ‚
981 1213 1215 1252 conueniunt
1243 1215 1281 1254 in
1308 1216 1458 1269 quibus·

159 1277 249 1317 dam
288 1277 433 1317 ratione
463 1277 640 1316 materiei
678 1276 828 1316 fixatae.
864 1273 1063 1315 Differunt
1094 1275 1244 1315 ratione
1276 1279 1458 1332 alterius,

159 1339 337 1380 terrestris
363 1351 502 1391 nempe
529 1339 708 1392 principii
734 1338 798 1379 vel
816 1337 1047 1379 mercurialis
1075 1353 1083 1378 ;
1116 1339 1240 1391 magis
1267 1343 1422 1394 quidem
1444 1374 1457 1395 ,

158 1415 271 1456 quam
293 1402 432 1456 reliqua
461 1402 657 1442 mineralia
678 1434 688 1454 ‚
721 1401 874 1443 metalla
896 1416 907 1456 3
939 1410 980 1441 et
1005 1402 1103 1441 inter
1121 1400 1218 1443 haec
1239 1436 1250 1457 ,
1283 1405 1456 1447 maxime

160 1465 435 1519 pcrstCtiffima.

314 1530 378 1567 An
414 1541 508 1580 ergo
542 1527 617 1569 Ars
638 1562 648 1580 ,
679 1540 770 1582 quae
803 1529 841 1569 in
876 1539 954 1570 tam
990 1529 1117 1571 multis
1151 1529 1340 1572 Naturam
1371 1545 1457 1587 per-

161 1589 262 1630 belle
296 1590 453 1644 sequitur
473 1623 481 1639 ,
516 1591 654 1645 aliquid
691 1593 792 1633 valet
812 1593 999 1646 perficere
1024 1596 1311 1645 transponendo
1333 1599 1457 1648 prima

162 1654 374 1706 principia,
415 1654 563 1706 iamque
594 1667 643 1696 ex
686 1655 744 1696 his
773 1657 1005 1709 compositas
1040 1659 1185 1711 primas
1219 1659 1425 1700 moleculas
1445 1691 1457 1713 ,

163 1727 207 1756 vt
240 1717 434 1757 nascantur
464 1729 517 1757 ex
551 1731 630 1758 vno
661 1731 828 1773 corpore
863 1718 1042 1759 diuersa?

304 1781 497 1822 Not-„imus
528 1783 683 1834 quidem
705 1815 715 1834 ‚
751 1796 821 1836 per
861 1784 1154 1824 inoculationem
1191 1785 1385 1826 mitescere
1420 1788 1458 1828 in

163 1845 424 1896 vegetantibus
457 1843 720 1896 asperitatem,
774 1859 967 1900 nunquam
1008 1857 1168 1897 tamen,
1219 1859 1260 1889 vt
1302 1851 1458 1902 pristina

163 1908 308 1947 indolis
352 1907 546 1947 deleatur:
590 1921 656 1949 nec
700 1912 839 1962 poterit
892 1910 1094 1951 felicissima
1139 1912 1359 1964 agricultura
1410 1915 1459 1956 de

163 1971 305 2010 semine
342 1971 427 2010 anisi
464 1972 667 2023 producere
702 1973 878 2014 foeniculi
925 1975 1111 2028 plantam.
1195 1975 1347 2017 Omnes
1400 1992 1461 2020 ar-

164 2033 282 2073 tifices
320 2035 425 2074 simul
461 2036 624 2079 intenti,
659 2049 739 2077 non
773 2038 909 2077 facient
945 2039 1097 2078 vnicam
1137 2040 1321 2092 guttulam
1359 2043 1459 2094 chy-

160 2097 213 2148 li,
249 2098 382 2151 laetis,
411 2097 594 2152 sanguinis
612 2132 623 2151 ‚
654 2099 724 2141 seri
742 2133 752 2153 ,
789 2101 968 2155 lymphae
988 2135 998 2155 ,
1024 2102 1136 2156 bilis,
1174 2105 1326 2156 vrinae,
1364 2119 1458 2160 quae

788 2163 823 2205 B
841 2165 865 2206 b
881 2165 906 2206 b
928 2177 953 2203 2
1373 2182 1460 2211 cor-
