2013 2703
216 145 513 197 CALORIS
547 140 956 188 SOLIDORVM
987 139 1060 186 ΙΝ
1091 139 1278 188 AERE
1324 148 1413 191 253

238 269 374 312 Coroll.
413 282 453 308 2.
497 264 600 307 Cum
635 263 719 305 ferri
751 262 854 304 calor
885 261 932 303 ab
966 272 1055 312 139
1087 261 1133 303 ad
1172 275 1259 304 100
1312 260 1421 302 sexa-

124 335 229 392 ginta
262 347 406 375 nouem
441 333 534 373 min.
571 344 630 385 pr.
679 327 866 370 decrescat
918 325 1190 382 (Expenv)
1242 328 1282 367 in
1315 335 1422 367 tem·

124 401 228 455 petie
261 400 350 439 aeris
384 401 444 447 64
478 409 552 450 gr:
600 403 640 434 et
673 394 843 434 stannum
898 391 1003 431 idem
1052 392 1342 432 decrementum
1374 390 1418 431 in

125 465 260 504 eadem
296 462 484 514 temperie
517 455 762 514 quadraginta
796 456 939 508 septem
991 456 1148 496 minutis
1179 455 1314 508 primis
1348 467 1420 508 pa·

127 530 240 568 riatur
274 524 371 581 (per
404 525 550 577 Exper.
572 522 742 576 praeced.
764 518 812 575 )›
845 519 986 559 ferrum
1019 521 1137 571 etiam
1187 519 1326 560 tardius
1359 516 1424 560 fri·

127 591 240 646 gescit
263 622 274 644 ,
307 603 422 644 quam
458 588 643 629 stannum.

246 687 281 735 ξ.
326 687 392 726 16.
424 681 562 725 Coroll.
617 695 661 733 3.
695 678 968 721 Aurichalcum
1017 691 1112 733 ergo
1165 688 1203 722 et
1257 690 1422 734 cuprum

130 751 344 791 maximam
358 781 368 800 ‚
390 748 513 801 postca
533 746 684 796 ferrum,
703 746 838 785 deinde
857 745 1046 795 stannum,
1066 754 1102 783 et
1122 745 1276 785 tandem
1298 746 1424 798 plum-

131 815 221 854 bum
260 815 438 852 virtutem
476 811 676 852 minimam
709 809 894 849 retinendi
935 809 1107 850 calorem
1158 808 1274 850 habet
1326 809 1428 848 inter

131 878 350 933 examinata
385 875 478 916 haec
512 886 690 929 corpora.

248 971 284 1018 §-
320 982 390 1020 17.
426 970 491 1012 Ex
526 970 582 1011 his
614 969 930 1012 obseruationibus
964 969 1153 1011 rationem
1204 968 1427 1010 decremen-

133 1044 263 1075 torum
296 1035 428 1074 caloris
462 1033 742 1086 praedictorum
776 1035 1017 1074 metallorum
1069 1032 1130 1073 sub
1180 1043 1282 1074 certa
1332 1044 1430 1072 tem-

136 1100 240 1152 perie
275 1100 366 1138 acris
399 1100 478 1137 erui
510 1097 612 1150 poffe
647 1107 818 1136 accurate
841 1127 852 1148 ‚
889 1097 1120 1150 promittere
1140 1096 1237 1136 haud
1256 1096 1430 1150 possum,

138 1163 222 1215 quia
258 1174 333 1201 uno
368 1161 674 1201 Tliermometro
707 1161 793 1213 post
842 1160 1000 1201 alterum
1053 1159 1250 1199 obl'eruato
1285 1169 1436 1211 tempus

138 1223 431 1279 praeterlapsum
486 1224 539 1264 est
561 1255 572 1276 ,
626 1234 669 1264 vt
703 1224 791 1264 hinc
823 1225 989 1276 qualibet
1022 1223 1281 1264 obseruatione
1319 1223 1439 1263 dimi-

137 1290 189 1329 dii
222 1289 354 1342 gradus
386 1300 552 1328 errorem
585 1286 684 1327 forte
716 1299 793 1327 non
825 1286 1040 1327 euitauerim
1074 1296 1115 1326 et
1134 1288 1196 1327 vel
1224 1289 1261 1327 in
1284 1285 1435 1327 excessu

137 1353 204 1391 vel
236 1351 382 1391 defectu
433 1352 686 1403 peccauerim.
759 1350 952 1402 Accedit,
994 1350 1294 1391 Thermometra
1329 1350 1433 1392 fiiiffe

138 1415 356 1468 angustioris
409 1413 525 1452 scalae
589 1423 629 1453 et
680 1413 942 1455 difficultatem
992 1424 1161 1456 accurate
1213 1415 1429 1456 obseruandi

139 1477 287 1519 auxiss‘e.
332 1475 652 1517 constitutionem
686 1478 846 1531 deniq-ue
882 1480 974 1519 acris
1009 1480 1156 1519 ratione
1190 1479 1360 1520 ficcitatis
1394 1488 1432 1519 et

141 1541 408 1593 tranquillitatis
441 1540 538 1580 forte
578 1540 682 1581 fuifle
716 1542 864 1583 diuerlo
899 1553 1074 1596 tempore
1092 1543 1293 1584 diuersam.
1324 1545 1433 1595 Juuat

144 1614 271 1644 tamen
305 1603 536 1656 adpoluisse,
570 1607 816 1660 quodcunque
856 1620 907 1647 cx
941 1608 1264 1649 obseruationibus
1300 1607 1434 1649 deduci

146 1679 270 1721 potuit
304 1667 464 1720 sequenti
500 1668 634 1709 tabula.
671 1669 1018 1712 Decrementorum
1053 1673 1189 1712 caloris
1228 1673 1431 1713 initialium

148 1743 349 1784 propterea
398 1734 579 1773 rationem
631 1747 709 1774 non
761 1734 906 1785 habui,
960 1737 1046 1788 quia
1098 1736 1208 1775 initio
1261 1738 1434 1776 obserua-

148 1798 296 1835 tionum
331 1797 365 1833 T
371 1794 714 1838 hermometrorum
750 1799 930 1839 velocitas
963 1801 1077 1839 nimis
1111 1800 1336 1853 prohibuit,
1357 1811 1435 1854 quo

149 1860 274 1899 minus
308 1870 476 1911 tempuS,
506 1874 582 1914 quo
614 1863 818 1903 mercurius
850 1864 992 1903 eodem
1030 1874 1208 1917 tempore
1240 1865 1278 1905 in
1311 1864 1437 1905 Ther-

151 1924 353 1962 momctris
387 1923 588 1978 stagnabat,
622 1927 747 1968 notari
780 1929 977 1981 potuerit,
1011 1928 1113 1969 etfic
1133 1929 1254 1981 ipsum
1286 1930 1432 1970 initium

148 1989 336 2027 incertum
371 1987 426 2026 sit.

269 2050 315 2091 ln
348 2051 491 2091 tabulae
527 2051 702 2106 sequentis
733 2053 924 2096 Columna
958 2057 1084 2110 prima
1127 2058 1246 2099 exstat
1296 2069 1437 2111 corpus

146 2117 426 2157 examinatum:
463 2117 501 2157 in
530 2116 683 2159 secunda
711 2119 1030 2173 Experimentum
1052 2154 1064 2176 ‚
1091 2135 1142 2164 ex
1176 2135 1253 2178 quo
1286 2131 1434 2163 erutum

721 2181 846 2230 113
1382 2184 1434 2225 est
