2013 2703
386 1132 481 1168 Tn-
508 1129 566 1166 XI.

401 1215 489 1261 Fig.
520 1217 550 1246 8.

403 1395 495 1444 Fig.
523 1406 553 1436 9.

571 179 664 227 ,με
860 160 1562 215 OBSERVAT.NIDOS

725 290 857 331 Ouum
877 287 952 326 auis
971 318 981 337 ‚
999 284 1214 325 Itaelmenis
1232 279 1387 338 Cajour,
1408 284 1554 327 Kuriilis
1571 285 1699 338 Pynan
1719 288 1855 331 dietae,

572 354 759 400 Nidificat
795 351 841 391 ad
861 362 962 390 mare
996 350 1035 390 in
1072 349 1226 402 rupibus
1244 350 1454 402 praeruptis
1474 378 1486 398 ‚
1527 350 1579 389 ob
1598 352 1689 402 pilas
1706 363 1743 392 et
1771 355 1854 394 {iixa

571 416 783 467 inaccessis,
815 414 946 454 nidum
983 412 1126 453 nullum
1147 413 1286 453 struunt
1306 442 1317 462 ‚
1348 411 1407 451 [ed
1434 423 1508 453 oua
1536 424 1684 466 ponunt
1702 416 1855 469 singulae

571 493 658 522 aues
710 481 865 520 vnicum
916 476 1027 516 lunio
1078 476 1205 517 mense
1260 477 1355 515 intra
1400 488 1578 517 cauernas
1629 487 1667 516 et
1718 478 1856 521 frffuras

573 546 721 598 rupium
743 577 753 595 ,
794 544 874 582 imo
908 541 1034 593 ipiiie,
1069 540 1188 579 veluti
1221 552 1346 579 mures
1366 573 1376 591 ,
1409 539 1472 580 sub
1507 540 1600 580 faxis
1630 539 1854 584 delitescunt.

721 607 805 648 Oua
848 604 1106 657 magnitudine
1154 613 1193 643 et
1241 601 1363 644 forma
1416 601 1639 644 Galim-accis
1690 606 1820 647 similia
1840 633 1854 658 ,

574 672 749 726 quamuis
779 670 854 710 auis
887 667 1077 710 Columba
1110 678 1187 707 non
1208 667 1251 707 sit
1271 668 1396 707 maior
1418 681 1429 720 3
1468 669 1599 708 colore
1619 668 1711 709 nibil
1731 674 1855 712 omni.

575 748 630 775 no
664 735 870 783 differunt,
922 733 990 774 nisi
1021 732 1124 785 quod
1174 743 1287 771 vnum
1321 731 1527 772 maioribus
1561 742 1599 771 et
1631 733 1858 786 ririoribns,

573 800 733 840 alterum
769 797 974 839 minoribus
1004 806 1043 835 ct
1075 795 1318 836 crebrioribus
1353 796 1510 835 maculis
1530 827 1540 845 ,
1594 797 1738 835 varium
1780 798 1856 850 sit3

575 875 647 902 oua
680 862 761 902 alba
792 860 871 900 sunt
896 893 906 911 ,
941 861 1007 900 ali-J
1044 862 1165 913 purius
1186 892 1196 909 ,
1214 859 1283 898 alia
1301 857 1477 898 sordidius
1497 891 1506 908 ,
1541 860 1765 911 maculisque
1787 860 1860 900 fcr-

576 926 741 978 rugineis
760 957 770 975 ‚
801 923 952 977 punftis
983 924 1137 963 cincreis
1171 923 1374 976 consperia.
1442 921 1594 963 Horum
1632 934 1687 972 ¹4
1715 922 1828 963 habui
1847 955 1858 975 ,

579 998 618 1029 et
649 988 841 1042 sequentes
874 986 1063 1027 obstruam
1099 990 1314 1026 meniuras:

1627 1049 1723 1089 Vnc.
1760 1051 1826 1091 lin.

586 1127 612 1286 Ξ
647 1129 684 1157 1.
722 1114 945 1168 Longitudo
979 1114 1058 1154 axis
1123 1132 1140 1143 -
1268 1132 1282 1142 ·
1400 1134 1418 1146 -
1680 1126 1703 1151 2
1792 1127 1814 1165 ς

649 1193 691 1219 2.
841 1201 856 1208 —
973 1199 992 1210 -
1118 1196 1139 1205 -
1268 1200 1282 1209 -
1396 1199 1416 1207 -
1527 1199 1550 1209 -
1682 1189 1706 1214 2
1789 1181 1818 1216 6

647 1254 690 1291 3.
840 1264 860 1272 -
977 1264 991 1272 ·
1118 1261 1139 1271 ·
1265 1262 1282 1272 -
1399 1266 1419 1275 -
1534 1263 1551 1272 ·
1681 1252 1704 1278 2
1788 1255 1819 1292 4

653 1321 688 1347 1.
726 1305 928 1348 Diameter
959 1304 1134 1345 maxima
1264 1325 1281 1336 -
1531 1326 1552 1335 -
1684 1317 1701 1342 1
1790 1310 1845 1353 6}

649 1449 690 1485 3.
781 1458 783 1461 .
860 1453 872 1462 ·
994 1457 1008 1464 -
1128 1452 1144 1461 ·
1262 1451 1279 1459 ·
1398 1451 1417 1458 “
1682 1441 1699 1466 1
1789 1433 1844 1478 63

652 1511 688 1537 1.
721 1495 924 1537 Diameter
959 1506 982 1532 2
1018 1493 1145 1534 vncias
1179 1506 1198 1533 a
1232 1492 1371 1532 vertice
1405 1492 1526 1532 latiori
1682 1503 1699 1528 x
1793 1505 1817 1532 2

589 1512 617 1667 Ξ
655 1575 693 1601 2.
869 1585 890 1594 -
1005 1580 1023 1588 -
1138 1580 1154 1588 -
1270 1577 1291 1586 -
1406 1582 1420 1588 -
1538 1576 1554 1586 -
1680 1565 1695 1590 1
1795 1569 1818 1605 3

655 1640 697 1677 3·
870 1643 890 1652 “
1007 1643 1022 1651 “
1138 1644 1155 1652 “·
1274 1643 1292 1652 ·
1410 1643 1426 1651 ⁶
1542 1640 1560 1649 ··
1686 1629 1704 1655 1
1797 1627 1846 1670 A}

734 1754 864 1793 Ouum
885 1749 1015 1790 anseris
1035 1747 1097 1788 feri
1119 1781 1129 1799 ,
1163 1747 1327 1787 maximi
1348 1781 1356 1797 ,
1393 1748 1474 1789 Rnii
1495 1756 1533 1786 et
1562 1744 1678 1785 will.
1707 1744 1860 1786 Oririth.

591 1831 691 1868 274.
725 1819 822 1858 Parit
856 1815 951 1855 circa
986 1812 1157 1852 medium
1190 1811 1299 1850 lunii.
1333 1811 1417 1850 Oua
1453 1812 1609 1863 quinque
1632 1842 1642 1857 ,
1695 1822 1829 1862 magnai
1850 1844 1862 1862 ,

586 1883 733 1924 sordide
765 1880 872 1926 alba,
908 1876 1005 1931 quasi
1037 1877 1142 1916 albor
1174 1872 1281 1914 fumo
1307 1876 1565 1927 conspurcatus
1583 1874 1679 1914 estut.
1715 1874 1796 1913 Nid
1816 1887 1862 1914 τη

587 1948 726 1987 struunt
758 1945 794 1982 in
832 1943 921 1983 locis
953 1941 1154 1993 gramineis
1186 1940 1282 1978 circa
1325 1939 1421 1992 ripas
1455 1939 1650 1979 fluuiorum
1671 1971 1681 1988 ,
1732 1938 1795 1976 vc}
1826 1938 1863 1976 in

589 2011 682 2050 locis
715 2007 870 2046 arenosis
902 2006 948 2044 ad
984 2004 1142 2049 flnuioe,
1177 2015 1197 2041 e
1231 2004 1402 2055 gramine
1430 2003 1524 2042 sicco
1556 2013 1595 2042 et
1621 2001 1787 2054 stipulis,
1821 2010 1863 2040 :ic

592 2074 736 2127 plumas
769 2071 952 2118 mittunt,
983 2077 1027 2107 vt
1063 2067 1211 2106 mollius
1244 2067 1467 2106 dccurnbmt
1500 2078 1597 2114 oua,
1630 2076 1666 2105 ct
1694 2064 1860 2104 calorem

595 2137 726 2177 diutius
758 2134 971 2185 retineant,
1001 2131 1102 2185 quod
1135 2130 1301 2175 Ruthcni
1335 2140 1502 2172 vocautz
1549 2129 1661 2172 Periia
1698 2125 1864 2179 Wypu-

1644 2187 1863 2231 scirtii-haret
