2013 2703
293 117 393 162 -ιΝ
445 109 818 159 CORPORE
869 107 1255 154 ANIMALI.
1349 101 1474 164 369·

137 245 278 289 corpus
314 232 522 286 producere
555 230 602 271 ad
636 227 930 282 longaeuitatem
957 241 968 280 3
1004 228 1086 269 imo
1118 240 1211 269 vero
1243 230 1283 269 in
1311 230 1440 285 singu·

140 300 184 339 lis
219 298 456 352 peculiaria,
489 306 527 335 et
561 296 600 335 in
633 295 713 334 aliis
743 293 853 347 plane
887 293 1049 346 partibus
1081 305 1264 345 peragere
1304 307 1441 348 oppo-

140 363 202 403 fita
240 373 319 402 vno
352 361 564 412 eodemque
598 358 757 398 auxilio.
824 357 996 408 Tutior,
1032 357 1059 397 si
1095 358 1186 410 quid
1226 360 1440 411 agendum,

140 439 201 467 ars
234 425 398 466 Medeae
421 456 430 474 ,
466 423 594 463 fabulis
628 421 818 474 implicita
855 455 866 473 ,
918 432 984 476 per
1023 420 1194 462 fomenta
1237 432 1272 461 et
1309 423 1440 476 tepida

141 488 271 529 balnea
292 521 302 538 ,
338 488 462 540 rigido
491 498 529 526 et
560 484 720 525 exsucco
749 486 928 537 decrepiti
963 485 1126 524 Aesonis
1157 487 1313 538 corpori
1355 486 1443 526 red-

141 554 197 593 dit
249 553 418 605 priscum
458 549 656 589 iuuentutis
696 548 857 588 floridae
901 548 1106 601 specimen.
1173 549 1262 588 Hoc
1295 551 1439 601 docet,

141 627 252 656 certo
287 617 375 655 nixa
410 614 689 660 fundamento,
722 624 810 651 cura
847 613 958 652 toties
993 611 1232 665 sapientibus
1271 613 1442 654 adhibita

141 682 180 720 in
232 679 401 720 vasorum
460 686 498 716 et
546 678 734 716 viscerum
788 676 932 716 morbis
979 686 1089 730 atque
1141 687 1285 716 artuum
1346 689 1442 717 con-

140 744 337 794 tradhlris,
389 754 409 780 a
462 740 579 780 nimis
628 750 781 793 praeter
832 750 1003 781 naturam
1059 741 1228 780 indurata
1280 752 1319 780 et
1350 742 1445 794 rigi-

141 807 186 847 da
218 806 311 847 fibra
345 804 652 857 dependentibus.
686 802 762 844 Sed
796 804 892 844 etin
912 804 1081 858 partibus
1110 805 1334 844 animalibus
1353 817 1438 846 ana—

138 870 234 923 logis
267 868 429 909 extensis
464 869 560 908 mira
594 867 647 908 est
677 867 892 923 proprietas
940 879 980 909 et
1032 867 1207 908 conditio
1251 868 1442 921 singularis

139 935 260 975 semet
294 932 386 985 ipffis
417 931 695 982 contrahendi,
729 934 898 986 adeoque
933 933 1141 986 primordia
1175 932 1440 972 constituentia

138 998 255 1037 solida
285 996 330 1036 ad
363 994 396 1034 se
432 996 593 1035 inuicem
631 996 806 1048 adigendi
827 1027 838 1046 ,
880 1007 990 1049 atque
1031 996 1172 1036 duCtile
1216 996 1440 1036 extensum-

140 1073 214 1114 que
249 1060 375 1113 gluten
409 1058 547 1098 iterum
582 1058 871 1111 compingendi.
938 1058 983 1098 ln
1018 1059 1231 1098 ventriculo
1263 1070 1303 1098 et
1338 1061 1435 1099 inte-

139 1125 244 1165 stinis
264 1158 275 1174 ,,
308 1122 476 1176 quotidie
511 1122 760 1162 diuersimode
796 1120 958 1162 extensis
989 1132 1027 1162 et
1059 1121 1260 1162 coutrae'tis
1289 1153 1301 1174 ‚
1345 1134 1437 1163 mo-

141 1198 200 1228 tus
232 1187 472 1240 peristalticus
507 1187 608 1239 viget
660 1194 698 1225 et
746 1197 939 1238 perennat.
1024 1186 1162 1226 Vterus
1211 1198 1232 1225 a
1291 1186 1435 1228 tantilla

140 1252 248 1291 mole
268 1252 305 1290 in
325 1252 520 1302 ingentem
549 1250 711 1289 eandem
733 1259 911 1301 tempore
940 1251 1171 1303 grauiditatis
1188 1252 1403 1292 excrescens
1423 1283 1434 1303 ,

139 1316 241 1355 breui
277 1314 360 1367 post
393 1324 538 1365 partum
591 1313 736 1352 dierum
785 1314 981 1353 interuallo
1024 1316 1071 1352 ad
1106 1314 1306 1366 pristinum
1359 1316 1431 1356 sta-

138 1387 221 1418 tum
258 1378 365 1417 redit.
402 1376 507 1417 Haec
526 1387 586 1416 res
614 1377 738 1426 mira,
773 1386 828 1416 vti
847 1378 1068 1417 admiranda
1096 1390 1222 1418 reuera
1241 1378 1292 1419 est
1313 1411 1324 1430 ,
1357 1390 1435 1418 ex·

139 1441 310 1482 tollitur!
343 1440 400 1480 sed
435 1452 514 1480 non
545 1439 661 1479 video
682 1472 692 1490 ‚
721 1441 823 1493 quod
859 1441 985 1481 miuus
1021 1442 1201 1495 stupenda
1221 1441 1265 1481 fit
1284 1475 1296 1494 ,
1327 1444 1433 1493 curn,

140 1505 380 1556 pinguedinis
399 1534 409 1553 ‚
441 1502 696 1543 musculorum
731 1505 1058 1555 abdominalium‚
1091 1504 1307 1559 horumque
1335 1518 1432 1560 apo·

140 1567 352 1606 neurosium
375 1599 385 1616 ‚
418 1565 476 1605 sed
497 1566 670 1619 inprimis
688 1568 888 1608 tenuissimi
920 1570 1125 1622 peritonaei
1145 1603 1157 1622 ‚
1194 1570 1429 1621 singulorum

142 1631 243 1683 prius
260 1628 496 1669 extensorum
519 1663 528 1681 ,
554 1630 674 1670 valida
702 1641 739 1670 et
765 1634 926 1686 repetita
946 1634 1161 1673 conti-aerio
1190 1634 1226 1672 in
1255 1633 1434 1674 foeminis

143 1695 258 1733 toties
285 1693 580 1746 parturientibus.
618 1691 731 1734 Certe
760 1696 785 1736 fi
812 1698 904 1736 cutis
932 1707 969 1736 ct
999 1698 1153 1737 muituli
1176 1698 1213 1735 in
1232 1697 1300 1737 alia
1321 1698 1430 1750 plaga

141 1759 346 1810 corporis,
397 1756 422 1796 si
455 1757 697 1798 membranae
734 1760 954 1811 peritonaeo
987 1761 1112 1800 {iniilis
1146 1760 1260 1800 fibrae
1292 1761 1431 1802 consti-

143 1832 290 1860 tuentes
324 1822 372 1859 ita
406 1819 671 1873 elongarentur
704 1831 741 1861 ct
776 1836 795 1863 a
837 1824 871 1863 sc
917 1825 1081 1864 inuicem
1124 1824 1428 1877 abducerentur,

142 1885 210 1925 vix
245 1884 522 1924 restituerentur
555 1897 723 1937 vnquam
745 1919 755 1936 ‚
800 1887 858 1928 scd
895 1898 1088 1928 manerent
1124 1889 1249 1938 potius
1282 1890 1431 1942 paraly-

140 1949 250 1989 ticae.
286 1947 445 1987 Interim
482 1950 668 1989 miramur
700 1952 821 2005 magis·
841 1985 850 2001 ‚
882 1954 980 2004 quod
1017 1954 1071 1992 vis
1104 1952 1192 1991 haec
1231 1954 1430 2005 peculiaris

143 2012 368 2052 contrahens
401 2009 581 2062 extensa,
644 2023 748 2052 tanto
800 2016 963 2057 validior
1007 2017 1044 2055 in
1087 2029 1252 2069 corpore
1294 2016 1430 2059 fitemi-

143 2076 238 2116 nino
272 2076 473 2125 obtineat,
508 2087 618 2128 quam
653 2076 692 2115 in
726 2079 934 2120 masculino
975 2112 986 2130 ,
1026 2093 1113 2122 cum
1150 2091 1277 2122 tamen
1315 2083 1429 2133 louge

208 2138 328 2179 Tom.
347 2138 418 2179 lv.
440 2137 547 2181 Nou.
565 2136 682 2179 Com.
872 2146 910 2185 A
930 2155 950 2183 a
971 2156 992 2184 a
1272 2144 1428 2188 mollius
