2013 2703
526 161 621 206 236
914 153 1012 195 DE
1075 147 1440 195 VIRTVTE

521 273 646 316 rallela
679 266 1000 326 parallelepipedis
1041 267 1162 320 paruis
1193 265 1321 308 ferreis
1361 280 1384 308 c
1419 275 1459 308 et
1499 266 1530 308 d
1554 267 1814 324 impolitam,⁴

528 338 658 379 strinxi
698 348 716 374 ιι
755 329 1034 384 septentrionali
1074 329 1185 383 plaga
1226 331 1421 371 australem
1463 330 1614 385 plagam
1658 334 1814 386 versus,

529 398 649 440 versus
681 408 793 448 quam
837 394 988 447 plagam
1040 405 1132 434 veru
1181 393 1402 447 respiciebat
1460 398 1707 436 extremitate
1759 397 1810 436 A.

529 463 580 503 Et
615 461 765 499 tandem
802 469 888 498 veru
924 467 963 497 et
996 456 1145 498 lamella
1181 458 1362 498 virtutem
1397 457 1635 499 directricem
1659 460 1722 499 tali
1747 461 1815 499 tri-

527 535 567 565 tu
600 532 825 576 acceperunt
846 555 856 574 ,
888 534 1005 574 quam
1040 533 1124 561 acus
1166 522 1378 575 magnetica
1423 521 1606 575 prodidit.
1678 522 1817 563 Extre-

529 589 640 629 miras
673 587 696 627 b
730 586 786 626 illa
807 618 817 636 ,
851 598 943 639 quac
978 586 1130 625 boream
1165 585 1289 626 versus
1321 585 1562 639 respexerat,
1584 573 1689 640 polus
1707 586 1815 630 bote-

527 652 593 693 alis
626 649 796 690 lamellae
829 648 944 688 fiebat
963 679 973 697 ‚
1007 648 1120 687 altera
1152 649 1259 701 polus
1290 649 1465 691 australis.
1537 651 1696 702 Aliquot
1721 661 1818 689 cen«

529 716 621 756 renis
654 724 783 753 tamen
818 713 989 753 ductibus
1019 724 1114 765 opus
1144 723 1223 752 erat
1243 746 1253 764 ,
1288 723 1487 767 autequam
1509 712 1660 752 lamella
1691 713 1815 766 acqui-

529 787 623 819 reret
656 776 800 818 die‘tam
834 777 1030 817 virtutem.
1066 775 1217 815 Virtute
1249 777 1451 816 directrice
1482 777 1652 829 acquifita
1673 807 1685 828 ‚
1722 789 1818 830 pau-

530 843 582 882 cis
615 841 786 882 duffibus
816 840 968 890 additis,
1003 853 1036 880 e.
1070 852 1107 893 g.
1134 850 1187 887 50
1208 839 1253 878 ad
1274 842 1330 877 60
1366 839 1520 888 additis,
1551 838 1686 878 lamina
1719 840 1823 878 obti-

529 905 612 946 nuit
649 907 832 946 virtutem
876 914 902 952 7
941 904 988 944 ad
1024 910 1045 945 8
1081 902 1278 942 drachmas
1308 901 1394 942 ferri
1425 901 1645 940 sustentandi
1680 902 1819 941 virtute

527 967 588 1009 sua
622 968 835 1022 magnetica
864 967 1036 1020 acquisita
1058 998 1068 1017 ,
1101 975 1141 1005 et
1174 966 1273 1004 idem
1307 966 1454 1016 pondus
1473 965 1590 1002 ctiam
1612 976 1706 1003 veru
1727 964 1762 1003 Α
1785 962 1818 1002 Β

526 1032 697 1072 trahebat
739 1060 750 1081 ‚
803 1030 902 1082 quod
935 1039 1020 1067 aute
1055 1029 1185 1066 tritum
1217 1026 1357 1066 nullam
1391 1025 1487 1065 aliud
1523 1024 1662 1065 ferrum
1705 1034 1820 1066 attra-

526 1094 641 1134 hendi
676 1094 855 1131 virtutem
892 1090 1121 1142 prodiderat.

663 1157 685 1199 1
690 1153 749 1196 oh.
786 1151 942 1196 Michel
971 1155 1009 1194 iu
1059 1153 1212 1193 tractatu
1255 1152 1302 1192 de
1337 1151 1616 1203 Artificiah'bus
1648 1149 1812 1205 Magne-

527 1219 623 1260 tibus
653 1220 742 1260 loco
774 1217 1082 1272 parallelepipedi
1119 1214 1220 1267 PG,
1241 1218 1478 1257 extremitati
1498 1217 1635 1256 boreali
1655 1217 1820 1269 adplica-

528 1286 558 1323 ti
578 1315 589 1335 ‚
623 1283 742 1324 {imile
773 1281 1133 1334 parallelepipedum
1171 1281 1320 1333 triginta
1341 1281 1419 1320 libr.
1458 1279 1585 1320 Lond.
1618 1280 1819 1331 adhibuit,

528 1348 661 1399 longit.
697 1355 855 1397 quatuor
895 1344 1031 1396 pedum
1068 1342 1194 1382 Lond.
1229 1345 1470 1382 extremitate
1506 1344 1651 1381 boreali
1690 1342 1818 1393 paral-

528 1408 730 1462 lelepipedi
778 1406 971 1461 paululum
1021 1404 1113 1444 iufra
1163 1404 1441 1443 horizontalcm
1485 1401 1652 1454 depressa
1688 1433 1699 1452 ‚
1742 1414 1814 1441 ex-

527 1472 708 1512 tremitati
752 1469 892 1511 australi
924 1467 1102 1522 adplicuit
1121 1466 1537 1520 parallelepipeduuus
1568 1467 1648 1506 libr.
1683 1464 1811 1505 Lond.

525 1536 661 1588 longit.
698 1545 852 1588 quatuor
885 1534 1023 1586 pedum
1059 1543 1098 1571 et
1131 1534 1158 1568 6
1193 1531 1410 1582 digitorum.

664 1598 958 1640 Instrumentum
993 1595 1081 1635 istud
1095 1619 1119 1646 ,-
1140 1595 1196 1634 cui
1230 1605 1303 1645 ego
1324 1604 1415 1631 veru
1436 1591 1596 1632 substitui
1616 1623 1627 1642 ,
1660 1588 1812 1631 Miche-

526 1662 558 1704 Io
599 1661 666 1703 fuit
708 1661 853 1702 baculus
887 1661 1021 1699 ferreus
1057 1691 1067 1709 ‚
1102 1670 1178 1711 quo
1212 1658 1248 1695 iu
1293 1655 1428 1708 Angliu
1465 1665 1616 1694 Vtuntur
1656 1654 1702 1694 ad
1734 1666 1815 1693 car-

525 1728 645 1767 bones
678 1727 715 1764 in
744 1725 903 1765 caminis
934 1722 1125 1775 agitandos
1149 1731 1188 1760 et
1207 1721 1306 1760 cuius
1341 1720 1484 1771 pondus
1515 1719 1648 1758 libram
1686 1715 1811 1757 Lond.

524 1790 718 1844 paululum
763 1788 966 1841 superabat.
1039 1786 1168 1825 Virtus
1211 1784 1449 1835 magnetica,
1500 1794 1611 1835 quam
1664 1778 1817 1821 Michel

524 1854 730 1903 chulybczrc
763 1851 932 1893 lamellae
971 1850 1098 1890 tribuit
1137 1850 1224 1889 tritu
1260 1859 1326 1899 per
1367 1845 1540 1885 baculum
1573 1844 1812 1898 praedatum

524 1916 717 1965 ferreum,
762 1917 892 1956 minor
925 1924 1051 1954 tamen
1092 1922 1172 1952 crat
1212 1922 1285 1961 ea,
1327 1922 1437 1963 quum
1478 1921 1551 1962 ego
1594 1909 1660 1962 ipsi
1702 1907 1812 1947 tribui

526 1991 593 2031 per
627 1991 751 2030 veru,
800 1978 947 2019 lamella
990 1977 1091 2016 euim
1145 1976 1221 2015 cius
1271 1973 1447 2026 ponderis
1504 1979 1557 2014 80
1611 1982 1812 2025 granorum

520 2042 738 2083 sustentabat
779 2052 921 2082 tantum
961 2054 990 2090 4
1028 2037 1221 2079 drachmas
1254 2037 1335 2090 post
1375 2036 1589 2090 acquisitam
1624 2037 1711 2075 tritu
1743 2044 1812 2086 pet

522 2106 696 2145 baculum
740 2104 902 2145 ferreum
938 2104 1187 2155 magneticam
1211 2102 1391 2141 virtutem
1413 2131 1422 2150 ,
1441 2112 1528 2140 cum
1551 2111 1635 2140 mea
1662 2095 1810 2139 lamella

521 2171 581 2218 69
615 2181 818 2223 granorum
841 2200 851 2220 ,
884 2177 910 2217 7
948 2167 995 2208 ad
1044 2170 1064 2205 8
1101 2166 1297 2207 drachmas
1330 2163 1413 2205 ferri
1447 2163 1620 2205 traheret.
1710 2220 1791 2263 EX
