2013 2703
567 160 626 195 62
810 154 1622 200 DFCoYSTRVGTIONE

773 285 1102 325 ‘272—5-233513‘17

574 304 665 343 dum
704 316 752 341 ,ἶ
847 322 1054 358 ,μνρψω
1125 331 1131 338 .
1168 300 1201 337 V
1233 300 1282 349 V,
1320 310 1357 339 et
1405 313 1646 343 momentum
1706 303 1861 343 ac‘tionis

571 382 642 420 erit
676 396 724 421 Ξ
750 366 1098 441 ῑῖῖξῖῖῌῆἷ”
1121 413 1127 420 .
1151 382 1183 418 Υ
1205 382 1241 418 V
1262 416 1272 433 ‚
1306 382 1404 435 qnod
1426 383 1605 434 reperitur
1635 383 1658 422 si
1685 395 1863 423 momen-

575 467 654 496 tum
711 459 923 511 potentiale
976 472 1042 512 per
1078 455 1110 510 {¹
1167 461 1451 514 multiplicatur.
1531 462 1583 502 Vt
1629 472 1756 501 autem
1809 475 1860 502 ex

575 521 711 562 viribus
755 521 812 561 his
852 523 1140 563 elementaribus
1179 524 1374 566 eliciantur
1412 526 1506 565 vires
1540 525 1664 565 finitae
1699 538 1749 564 ex
1783 536 1858 565 tota

573 584 652 623 alae
688 585 881 638 superficie
917 586 1123 637 oriundae,
1159 599 1318 638 ponatur
1353 590 1476 641 primo
1517 603 1544 629 x
1587 589 1786 639 constans,
1822 599 1860 628 et

575 659 794 701 quaerantur
828 649 1023 701 integi-alia
1056 661 1106 688 ex
1144 650 1214 690 iol-„1
1253 653 1498 692 variabilitate
1547 653 1657 705 ipsius
1698 667 1716 698 y
1759 651 1862 691 rcliil-

575 713 720 762 tantia,
757 723 911 765 tumque
940 728 966 765 y
1000 714 1044 753 ad
1082 724 1198 754 totam
1221 715 1296 754 alae
1319 716 1553 755 latitudinem
1586 717 1752 756 absciniic
1773 714 1864 756 CX

575 775 861 828 respondentem
898 777 1152 827 extendatur,
1187 791 1262 831 quo
1296 778 1394 819 fileto
1439 779 1595 819 formula
1639 782 1767 819 denuo
1809 781 1859 817 in-

577 847 741 892 tegretur
782 852 832 879 ex
876 841 1124 881 variabilitate
1170 843 1278 895 ipsius
1320 856 1347 883 ,τ
1368 875 1377 892 ,
1413 852 1568 895 tumque
1601 856 1627 883 ,τ
1661 843 1704 882 ad
1740 852 1861 881 totam

577 900 656 940 alae
701 902 978 956 longitudinem
1017 904 1241 945 extendatur
1267 938 1275 954 ,
1319 907 1437 959 licque
1483 918 1559 946 tam
1606 908 1702 945 vires
1743 918 1858 958 quam

577 976 705 1004 mrum
761 978 962 1008 momenta
1015 981 1085 1022 pro
1135 979 1212 1011 tota
1259 970 1335 1009 alae
1381 969 1569 1023 superficie
1619 970 1860 1009 inuenientur.

962 1093 997 1133 C
1032 1096 1070 1136 O
1106 1096 1141 1137 R
1175 1096 1213 1136 Ο
1248 1096 1280 1136 L
1315 1096 1362 1136 L.
1440 1110 1479 1137 1.

718 1204 773 1230 22
828 1191 958 1242 Vires,
996 1204 1090 1245 quae
1126 1192 1328 1231 secundum
1363 1188 1692 1233 dircc'tioneSZY
1727 1201 1762 1231 ct
1789 1189 1861 1231 Y1

577 1254 674 1294 alam
711 1255 936 1305 lollicitant,
970 1254 1064 1294 nihil
1099 1253 1297 1293 conserunt
1324 1257 1368 1294 ad
1388 1265 1541 1294 motum
1576 1255 1656 1294 alae
1677 1255 1736 1295 vel
1756 1267 1862 1295 acce·

577 1317 769 1358 lerandum
807 1319 866 1357 vel
886 1317 1179 1367 retardandum,
1212 1317 1270 1356 sed
1292 1320 1395 1370 prior
1412 1319 1458 1357 ad
1492 1317 1589 1357 alam
1621 1319 1669 1357 ab
1694 1330 1767 1357 axe
1799 1319 1856 1357 ab-

578 1382 827 1432 rumpendam
857 1414 866 1432 ,
909 1381 1022 1421 altera
1065 1392 1158 1419 vero
1191 1381 1236 1421 ad
1277 1381 1373 1420 alam
1417 1380 1646 1420 euellendam
1681 1391 1859 1420 conatum

579 1445 736 1497 exerit3
776 1446 873 1484 vnde
910 1445 1010 1484 alam
1047 1445 1128 1483 latis
1161 1442 1323 1483 firmiter
1355 1445 1414 1483 axi
1450 1444 1607 1483 infixam
1639 1445 1708 1483 effe
1740 1455 1860 1495 opor-

585 1517 640 1547 tet
660 1540 669 1558 ,
704 1517 744 1547 vt
777 1507 833 1548 his
866 1509 1007 1548 viribus
1027 1508 1187 1547 relillere
1224 1508 1353 1547 valeat.
1419 1506 1462 1546 In
1497 1507 1592 1547 hunc
1611 1507 1729 1546 tinem
1765 1505 1858 1545 stiffi-

579 1573 629 1611 cit
664 1571 744 1611 istas
776 1573 871 1611 vires
904 1574 1083 1625 proxime
1120 1571 1247 1611 laltem
1282 1569 1380 1610 nosse
1404 1604 1412 1615 ,
1458 1583 1575 1623 neque
1607 1583 1742 1623 operae
1775 1581 1861 1622 pre-

583 1635 678 1674 tium
722 1634 815 1675 foret
859 1648 988 1675 earum
1031 1638 1276 1689 quantitatem
1312 1635 1424 1674 nimis
1464 1634 1618 1673 studiose
1658 1646 1725 1686 per
1766 1635 1861 1672 inte-

583 1699 768 1751 grationes
809 1701 1026 1753 acquirere,
1063 1699 1127 1740 nili
1160 1699 1319 1739 calculus
1348 1699 1450 1738 facile
1485 1699 1659 1752 expediri
1703 1696 1825 1751 pollit.

971 1825 1363 1869 COROLL.
1432 1839 1471 1866 2.

737 1935 808 1972 23.
850 1922 996 1962 Totum
1038 1934 1129 1975 ergo
1176 1921 1428 1974 integrationis
1470 1933 1564 1974 opus
1598 1921 1642 1961 ad
1678 1922 1858 1962 inuentio-

581 1996 671 2024 nem
716 1996 1010 2026 momentorum
1057 1986 1182 2028 redit,
1223 1997 1315 2038 quae
1349 1985 1537 2038 duplicem
1572 1986 1859 2038 integrationem

583 2048 747 2101 requirit.
812 2048 895 2088 Erit
915 2049 1098 2088 nimirum
1133 2059 1376 2089 momentum
1418 2048 1623 2102 potentiale
1655 2061 1709 2087 z

575 2125 639 2182 [d
654 2140 682 2169 x
694 2126 717 2180 l
730 2113 1052 2191 ἷΥ-ᾞῖ-ζζξξῖ
1074 2164 1082 2181 ,
1117 2143 1192 2184 quo
1212 2130 1364 2171 inuento
1381 2131 1450 2170 erit
1478 2138 1720 2169 momentum
1740 2126 1860 2168 aetio-

1807 2202 1862 2231 ms
