2013 2703
246 105 344 148 AD
375 97 993 149 ARCHITECTVRAM
1029 98 1331 148 CIVILEM
1358 113 1449 158 207

147 223 257 264 tione
291 223 406 277 igitur
437 223 642 264 statuerunt
671 222 815 277 ellipsin
854 219 973 263 solam
1024 222 1279 264 construendis
1328 223 1452 265 forni-

146 287 253 328 cibus
285 298 416 341 aptam
439 322 450 340 ,
481 289 547 329 nisi
591 288 791 328 venustatis
819 287 922 329 causa
955 287 1029 328 hoc
1063 286 1229 328 feceruut
1250 320 1261 339 ‚
1301 287 1452 332 Serlius

148 351 363 395 Architet‘l‘.
396 351 423 392 I.
467 365 484 390 1
512 384 524 404 ‚
555 366 589 393 c.
631 366 649 391 1
679 366 690 406 3
728 352 816 393 Alb.
852 352 1027 394 Durerus
1048 385 1058 403 ‚
1089 362 1200 405 atque
1232 364 1322 392 curn
1373 352 1454 395 hoc

151 416 260 458 Dan.
293 417 555 459 Hartmannus
577 448 589 467 ‚
622 416 835 461 Architeet.
855 416 900 471 s.
941 427 982 463 7.
1022 415 1061 457 Si
1095 416 1184 457 iusta
1210 416 1330 456 etiarn
1352 429 1454 470 pon-

150 481 288 521 derum
321 480 582 522 absolutorum
618 480 816 521 assumatur
850 478 1048 529 mensura,
1081 481 1314 520 conueniens
1352 480 1457 521 sern-

149 556 220 598 per
251 544 460 584 inuenietur
492 557 627 594 curua,
659 543 706 584 ad
738 546 840 584 cuius
869 542 1028 583 ductum
1061 541 1191 583 fomix
1210 543 1457 588 exstruendus

147 608 205 649 est
224 640 236 662 ,
273 619 315 651 vt
345 609 390 652 fit
422 607 668 650 firmissimus.

298 735 338 786 §-
372 735 489 779 XIV,
523 735 711 778 Diximus
729 735 858 790 paullo
887 744 977 777 ante
998 767 1010 788 ‚
1043 732 1057 791 (
1074 729 1112 779 6.
1134 734 1270 788 XII.)
1306 736 1459 781 nullum

146 800 227 843 dari
260 799 444 843 fornicem
465 833 476 852 ‚
507 799 754 856 aequabiliter
783 800 937 841 firmum
959 834 969 852 ,
1004 812 1044 841 in
1083 813 1161 855 quo
1197 803 1340 855 puncta
1382 802 1460 844 fin-

147 863 232 918 gula
266 865 368 906 idem
398 875 556 906 teneant
589 866 738 919 pondus
786 864 1035 917 absolutum3
1089 875 1152 905 aut
1203 868 1268 920 qui
1314 867 1459 921 vbique

151 930 319 970 eiusdem
341 929 387 971 fit
413 929 588 970 craffitiei
605 960 616 980 ‚
651 931 820 984 adeoque
854 939 983 972 teneat
1013 931 1299 974 connexitatem
1318 942 1460 973 conca-

149 992 261 1032 vitati
296 992 529 1046 parallelam.
561 992 642 1034 Sed
675 995 908 1034 contrarium
942 995 1103 1034 afferunt
1136 995 1214 1035 duo
1238 997 1323 1037 Viri
1352 1008 1460 1050 egre-

152 1055 241 1109 gii,
289 1066 463 1109 putantes
512 1054 598 1097 fieri
631 1056 670 1096 id
712 1056 851 1110 poffe3
903 1056 929 1095 si
980 1053 1106 1096 fornix
1153 1059 1362 1100 exstruatur
1411 1059 1461 1100 ad

152 1119 381 1160 curuitatem
416 1120 515 1160 illius
543 1118 671 1160 lineae
689 1152 700 1170 ,
736 1132 829 1170 quae
855 1121 1062 1161 catenen-ia
1109 1131 1270 1161 vocatur
1289 1154 1299 1173 ‚
1350 1131 1464 1174 atque

149 1183 215 1224 ilia
249 1183 303 1224 est
325 1215 334 1228 ,
364 1196 483 1236 quam
519 1180 674 1223 ass‘umit
707 1182 823 1223 libere
853 1193 980 1222 catena
1003 1214 1014 1233 ,
1047 1195 1165 1236 aeque
1204 1186 1325 1238 grauis
1373 1186 1458 1226 vbi·

151 1259 255 1301 que,
287 1259 330 1287 ac
364 1258 419 1287 ex
459 1256 618 1298 vtraque
665 1245 726 1285 sua
771 1246 1024 1284 extremitate
1076 1246 1228 1287 firmata
1278 1249 1457 1291 deorsum

152 1310 336 1365 pendens.
402 1306 475 1349 Cui
508 1319 636 1362 1taque
669 1308 786 1349 dubio
817 1310 930 1349 nobis
963 1308 1014 1348 est
1047 1314 1335 1353 occurrendum.
1379 1313 1461 1354 Pri-

151 1385 240 1415 mus
270 1374 452 1413 inuentor
485 1371 597 1414 huius
631 1385 796 1426 praxeos
822 1373 882 1414 >est
911 1373 1026 1416 Dav.
1064 1372 1270 1428 Gregorius
1288 1409 1299 1429 ,
1327 1378 1391 1430 qui
1417 1378 1459 1418 in

148 1437 507 1479 demontrationibus
525 1439 572 1479 de
589 1437 816 1490 catenaria,
834 1438 925 1481 Αέῖ.
957 1437 1080 1479 Erud.
1115 1436 1216 1495 Lips.
1249 1454 1288 1482 a.
1321 1442 1460 1494 1699,

151 1514 204 1543 rr,
239 1501 350 1542 Febr.
393 1502 514 1541 dicit:
550 1512 725 1543 catenam
760 1504 797 1543 in
832 1503 949 1556 plano
982 1502 1152 1544 verticali
1173 1537 1182 1555 ,
1215 1504 1276 1546 sed
1306 1505 1372 1546 fitu
1401 1508 1458 1547 in-

151 1565 262 1605 veiso
297 1565 461 1618 pofit.im
482 1597 493 1616 ,
526 1564 688 1619 figuram
706 1564 807 1607 suam
829 1561 969 1608 (ἔτυπτε
987 1601 998 1618 ,,
1033 1578 1103 1608 nec
1123 1568 1292 1610 decidere
1314 1570 1460 1621 ‚adeo-

152 1642 227 1683 que
274 1627 462 1669 fornicem
508 1627 640 1671 facere.
692 1628 795 1672 Hinc
837 1633 884 1673 ad
927 1630 1043 1671 talem
1086 1630 1197 1673 vsum
1242 1631 1342 1675 hanc
1375 1646 1460 1676 cur-

152 1705 244 1733 vam
277 1694 554 1746 commendat,
588 1707 698 1749 atque
721 1728 731 1746 ,
758 1708 831 1737 cur
880 1694 1138 1736 nihilominus
1191 1698 1311 1738 etiam
1361 1698 1458 1739 aliae

149 1769 283 1798 cumae
319 1756 473 1797 reddant
506 1758 650 1800 stabiles
685 1757 878 1810 fornices,
915 1758 1062 1799 cauffim
1097 1758 1133 1798 in
1162 1771 1218 1800 eo
1251 1760 1355 1802 sitam
1382 1759 1458 1802 effe

152 1831 263 1875 putat
285 1854 294 1871 ,
326 1820 426 1874 quod
461 1820 530 1862 hae
561 1835 698 1864 Curuae
719 1858 728 1875 ,
765 1823 802 1863 in
830 1823 1041 1864 'latitudine
1081 1822 1269 1865 fornicum
1290 1858 1302 1879 ‚
1354 1835 1462 1868 cate-

152 1885 300 1927 nariam
337 1885 377 1925 in
414 1883 448 1925 sc
481 1885 672 1929 includant
706 1897 744 1930 et
776 1885 926 1943 semper
957 1887 1311 1943 comprehendant.

311 2012 345 2062 §.
384 2012 478 2054 XV.
511 2011 585 2054 Sed
620 2015 762 2057 mirum
798 2018 919 2059 videri
954 2018 1110 2073 potest,
1151 2030 1244 2073 quae
1293 2016 1361 2059 via
1404 2016 1460 2060 vad

152 2075 253 2120 hanc
288 2076 595 2134 consequentiam
646 2081 826 2137 duxerit,
872 2092 916 2125 vt
949 2095 1044 2139 quae
1094 2093 1228 2126 catena
1280 2080 1458 2124 deorsum

1360 2157 1462 2202 peno
