2013 2703
1068 187 1104 239 3(
1136 188 1193 227 62
1227 189 1259 239 ><

513 316 757 373 exprimere·
824 315 934 356 Haec
968 313 1033 355 vel
1067 323 1288 354 commenta
1330 312 1445 366 sunt,
1483 312 1546 354 vel
1589 312 1837 354 relationibus

515 383 637 426 dubiis
670 379 918 422 adscribenda.
988 376 1034 417 In
1068 375 1202 417 Sibina
1237 389 1356 418 nemo
1389 378 1442 418 est
1462 411 1473 430 ‚
1502 378 1675 432 quit-alia
1701 378 1734 418 se
1767 378 1832 417 ob-

516 445 673 490 seruaffe
706 445 819 485 dicat.
885 440 1040 490 Restat,
1073 451 1117 481 vt
1149 442 1333 496 quaedam
1368 441 1415 482 de
1449 442 1617 483 iconibus
1667 441 1841 482 animalis

518 508 756 560 moschiseri‚
790 507 890 562 apud
909 505 1084 547 auftores
1103 537 1113 557 ,
1147 506 1209 559 qui
1228 505 1275 545 de
1294 506 1365 546 illo
1398 506 1839 559 egerunt‚exstantibus,

517 585 766 617 moneamus.
831 569 1019 612 Gmellmts
1054 571 1090 610 in
1124 570 1234 609 icone
1270 568 1504 610 Isbrandiana
1543 569 1707 610 nimiam
1749 582 1842 609 ven-

522 640 571 680 tri
603 636 903 692 prominentiam
924 668 934 687 ,
969 643 1007 674 et
1045 633 1149 687 quod
1180 633 1254 675 fine
1273 633 1361 687 pilis
1380 631 1692 687 repraesentetur,
1728 642 1847 673 taxat.

522 702 560 744 E
578 701 769 743 contrario
800 702 885 740 icon
918 699 1145 739 Tauernerii
1164 698 1489 751 corpusanimalis
1507 698 1619 737 nimis
1641 697 1819 738 villosum
1837 726 1848 747 ,

524 766 643 822 pedes
683 764 800 804 nimis
842 762 964 802 nudos
1006 762 1126 814 sistit,
1174 761 1334 803 caudam
1377 761 1537 803 animali
1579 761 1738 812 tribuit,
1777 772 1851 815 qua

525 839 629 871 caret
651 860 663 880 ,
719 826 934 868 folliculum
986 827 1101 866 etiam
1151 825 1245 867 iusto
1293 826 1536 880 grandiorem
1587 824 1850 879 repraesentat.

529 892 783 938 Renaudotius
816 892 854 932 in
890 888 1197 931 annotationibus
1238 889 1284 930 ad
1317 890 1468 944 antiqua
1501 890 1546 930 de
1576 888 1678 930 Indis
1721 899 1757 931 et
1791 886 1853 928 Si-

532 960 592 1000 nis
625 956 816 1000 itineraria
850 955 1014 996 Arabica
1046 967 1087 1008 p.
1129 963 1230 1003 217.
1265 954 1510 1008 reprehendit
1529 953 1799 996 Tauernerimn
1818 962 1857 991 et

531 1020 821 1072 Theuenotium,
861 1019 1024 1062 eandem
1067 1018 1220 1059 iconem
1261 1020 1502 1059 reiterantem
1524 1050 1534 1070 ‚
1566 1018 1672 1073 quod
1713 1013 1859 1057 animal

530 1099 612 1128 non
645 1094 875 1135 cornutum,
909 1092 948 1124 et
979 1083 1109 1125 dentes
1141 1083 1312 1123 exsertos
1342 1095 1418 1123 non
1452 1081 1589 1124 sursum
1625 1085 1860 1129 incuruatos,

535 1149 795 1204 depinxerint.
860 1146 940 1189 Sed
976 1158 1089 1200 quarn
1123 1146 1198 1186 hoc
1240 1145 1370 1186 frustra
1423 1144 1581 1197 fecerit,
1631 1157 1681 1187 ex
1731 1143 1863 1184 descri-

536 1215 676 1269 ptione
710 1210 946 1254 G'meliniana
987 1219 1025 1250 et
1058 1222 1110 1250 ex
1153 1209 1366 1264 supradietis
1407 1209 1579 1262 adparet.
1648 1210 1697 1252 In
1741 1206 1867 1248 iconi-

539 1278 606 1320 bus
635 1278 657 1320 21
691 1274 876 1326 Neuhofio
909 1283 948 1315 et
979 1272 1166 1315 Kisa-hero
1200 1272 1444 1326 suppeditatis
1477 1271 1635 1311 rostrum
1658 1271 1865 1324 porcinum

542 1351 583 1382 et
626 1341 737 1395 pedes
788 1337 938 1391 digit-ati
971 1335 1170 1377 censuram
1191 1346 1398 1376 merentur.
1466 1335 1639 1375 Martini
1680 1333 1866 1374 Martinii

544 1407 634 1447 icon
678 1405 716 1443 in
753 1401 836 1442 Atl.
871 1400 952 1441 Sin.
989 1401 1027 1440 T
1031 1402 1090 1441 ab.
1124 1399 1244 1440 Xeusr
1291 1409 1420 1440 totum
1473 1397 1644 1439 habitum
1695 1397 1870 1451 corporis

547 1468 727 1510 animalis
760 1465 957 1506 difformat
979 1495 992 1515 ‚
1044 1465 1138 1505 dum
1174 1464 1371 1517 gibbosum
1407 1462 1529 1512 sistit,
1579 1473 1618 1502 et
1651 1463 1777 1516 capite
1825 1459 1871 1501 ad

546 1543 688 1574 terram
721 1530 878 1583 seguiter
899 1529 1081 1570 inclinato
1101 1562 1111 1581 ‚
1140 1529 1243 1582 quod
1274 1527 1438 1581 capreoli
1473 1526 1602 1579 instar,
1635 1526 1762 1566 habitu
1790 1535 1870 1564 cor·

548 1596 658 1652 poris
691 1594 857 1648 agilitate
889 1591 1100 1647 conspicui,
1136 1593 1239 1645 pingi
1261 1591 1450 1632 debuisset.
1517 1591 1667 1645 Segeri‚
1704 1590 1768 1630 vel
1803 1600 1874 1640 po-

551 1661 625 1702 tius
655 1659 806 1711 Bresynii
830 1691 840 1709 ‚
870 1658 956 1698 icon
993 1658 1028 1696 in
1063 1656 1167 1711 Eph.
1206 1655 1262 1697 N.
1298 1653 1346 1696 C.
1384 1667 1418 1695 a.
1458 1658 1566 1704 ¹675
1594 1656 1629 1694 in
1649 1667 1697 1695 eo
1730 1662 1874 1707 peccat,

553 1724 655 1778 quod
686 1731 797 1776 caput
832 1722 877 1761 ad
915 1721 1027 1761 instar
1061 1721 1140 1774 lupi
1169 1719 1337 1760 filmelici
1376 1720 1534 1772 praedae
1569 1717 1741 1758 inhiantis
1767 1713 1876 1754 eslin-

555 1789 627 1843 git.
696 1786 793 1828 Icon
827 1785 1037 1828 Schroeckii
1070 1785 1107 1825 iu
1143 1783 1295 1826 historia
1333 1783 1513 1833 Moschi,
1549 1794 1635 1822 cum
1658 1794 1727 1834 qun
1763 1779 1878 1819 exirm

555 1852 619 1894 illa
651 1851 846 1893 Valentini
879 1851 915 1890 iu
966 1850 1100 1890 Museo
1136 1847 1231 1889 Mus.
1288 1848 1522 1894 concordat,
1575 1846 1717 1886 collum
1768 1843 1883 1884 nimis

559 1915 785 1971 protensum
821 1922 860 1952 et
901 1915 1016 1966 pedes
1059 1912 1225 1965 respectu
1262 1912 1436 1965 corporis
1469 1911 1563 1951 iusto
1599 1911 1788 1962 longiores
1839 1905 1883 1945 si-

561 1982 622 2021 stit
643 2013 653 2031 ,
689 1976 890 2019 manifesto
924 1977 1097 2027 indicio,
1132 1976 1232 2028 quod
1268 1984 1304 2014 et
1338 1987 1358 2014 a
1401 1974 1620 2016 &luvam
1656 1985 1732 2013 non
1769 1980 1885 2019 neg-‚1-

564 2056 625 2086 tur
650 2077 659 2095 ,
693 2043 854 2096 figuram
889 2041 935 2080 ad
970 2039 1122 2080 exuuias
1155 2038 1328 2078 inni-(tas
1367 2039 1630 2080 adumbratim
1666 2035 1749 2076 effe.
1786 2031 1888 2089 Qud

566 2111 657 2150 liiuc
690 2107 780 2146 oriri
817 2105 939 2159 potest
976 2104 1076 2144 aliud
1098 2137 1108 2156 ,
1138 2116 1252 2157 quam
1287 2112 1329 2143 vt
1370 2105 1486 2144 etiarm
1529 2101 1789 2153 descriptione<
1841 2095 1889 2135 :ld

566 2172 659 2215 tales
692 2171 828 2224 figur-,1⁵
861 2168 1085 2210 efformatae
1119 2178 1310 2224 peccent,
1359 2169 1453 2209 inter
1492 2178 1581 2221 quas
1632 2176 1748 2203 vuum
1802 2157 1889 2198 Cel-

1752 2221 1894 2267 ch'itll'l'
