2013 2703
291 103 386 151 AD
420 96 1032 151 ARCHITECTVRAM
1058 103 1347 149 CIVILEM
1381 118 1472 162 209

175 259 200 280 ,‚
219 225 396 278 pourroit
431 225 540 266 avoir
571 237 639 279 par
670 233 768 266 cette
803 233 932 265 nature
968 232 1053 264 tous
1087 223 1140 264 ses
1170 225 1357 267 vouss‘oirs
1389 239 1476 281 egn-

172 290 360 343 „lement
407 287 532 342 pesans
568 322 578 340 ,
626 289 666 329 &
700 287 810 330 feroit
852 302 923 344 par
956 287 1183 342 consequent
1213 285 1325 331 d’une
1359 293 1479 346 epais-

169 354 292 407 „seur
332 354 521 394 uniforme
544 367 605 406 „3
642 351 704 394 sed
746 353 842 393 nihil
878 363 1012 394 contra
1055 355 1221 394 monuit.
1258 355 1478 397 Nouiffime

172 419 293 458 etiam
325 418 559 458 catemariam
593 430 671 471 pro
701 416 944 458 aedificandis
976 415 1178 458 fornicibus
1223 420 1474 472 commenda-

169 482 226 522 vit
257 483 296 521 in
333 481 618 524 Commentariis
652 483 887 523 Academiae
928 480 1068 520 Scient.
1101 481 1283 523 ,suecicae
1320 515 1332 534 ‚
1384 491 1479 525 tomo

175 558 240 586 ιν.
272 553 315 600 p.
357 551 442 593 1:38
466 576 476 594 ,
510 542 658 599 Clariff.
694 544 917 586 Polhemius.
985 542 1132 585 Omnia
1170 558 1265 586 vero
1300 547 1393 588 haec
1428 561 1478 589 eo

170 610 414 663 intelligenda
443 609 525 649 sunt
544 641 555 660 ,
589 618 635 648 vt
667 610 854 649 catenaria
894 607 970 648 lola
989 640 1000 659 ,
1036 621 1106 661 per
1136 608 1172 649 se
1215 610 1448 652 considerata
1470 645 1480 665 ,

169 672 358 714 fornicem
394 673 545 714 efficere
579 672 745 714 stabilem
767 681 933 727 nequeat
953 704 966 725 ‚
1001 673 1083 726 quia
1106 706 1118 725 ,
1151 682 1196 714 vt
1223 674 1326 715 linea
1347 709 1358 728 ,
1392 676 1479 717 nul-

169 737 247 778 lam
281 746 385 777 tenet
419 737 680 789 latitudinem,
714 740 754 779 in
787 730 858 792 qua
876 736 1006 788 cunei,
1037 737 1083 779 ad
1100 737 1289 779 fornicem
1309 740 1474 781 necessa-

166 802 236 852 rii,
273 811 310 841 et
341 801 518 842 introlabi
551 813 756 855 conantes,
788 802 943 856 concipi
964 801 1130 855 poffent.
1163 802 1206 845 Si
1238 816 1334 844 vero
1351 807 1479 859 capia·

165 873 224 906 tur
263 866 449 907 catenati-a
480 899 492 918 ,
526 878 642 919 eaque
687 867 734 908 ad
766 867 1002 908 altitudinem
1039 867 1204 922 aliquam
1225 868 1478 911 circumdetur

163 929 235 968 alia
271 942 383 969 curua
417 929 484 983 ipsi
518 930 695 983 parallela
715 964 725 982 ,
767 940 814 972 vt
847 932 966 985 priori
998 931 1084 972 huic
1136 932 1315 988 requifito
1366 934 1476 976 locus

167 993 422 1043 relinquatur:
457 1003 538 1032 tum
576 995 733 1034 demum
766 997 951 1034 catenati-a
973 1027 986 1045 ‚
1019 1009 1108 1037 cum
1145 998 1218 1038 alia
1252 998 1318 1039 sibi
1361 1011 1477 1040 curua

165 1055 371 1108 parallela,
406 1054 590 1096 fornicem
640 1056 805 1096 formare
857 1058 1001 1110 poterit
1054 1059 1178 1099 vbiuis
1228 1073 1347 1115 neque
1383 1063 1478 1102 den—

164 1118 245 1159 sum
267 1152 276 1169 ,
309 1129 347 1159 et
381 1118 548 1172 perscire
583 1119 741 1160 firmum
784 1135 794 1174 3
840 1132 920 1160 non
953 1119 1102 1174 quidem
1136 1132 1184 1162 ex
1223 1135 1269 1163 ea
1321 1126 1474 1178 caussa,

167 1196 281 1236 quam
310 1183 379 1226 hic
407 1183 529 1227 ,solam
564 1184 821 1232 assumfimus,
854 1194 901 1224 vt
934 1184 1156 1236 singularum
1201 1187 1239 1225 in
1293 1200 1335 1228 ea
1388 1201 1474 1243 par.

167 1246 369 1287 ticularum
404 1246 507 1285 idem
544 1246 585 1285 fit
618 1247 765 1298 pondus
814 1246 1069 1299 respecstiuum
1092 1278 1104 1297 ‚
1158 1248 1218 1289 sed
1265 1263 1317 1290 ex
1370 1252 1473 1308 alia,

165 1321 307 1362 nempe
341 1308 444 1366 quod
474 1321 527 1348 ex
577 1309 679 1349 intro
727 1308 888 1350 cessione
936 1309 1010 1351 hac
1060 1323 1300 1362 cuneorum,
1352 1328 1473 1370 aeque

164 1373 460 1427 ponderantium
482 1406 493 1425 ,
544 1386 679 1414 cuneus
722 1372 889 1427 superior
920 1375 1036 1429 quiuis
1088 1386 1188 1416 tanta
1242 1378 1282 1418 vi
1333 1377 1471 1421 sursum

163 1437 357 1507 premitur
379 1467 392 1487 ‚
439 1447 583 1489 quinta
618 1437 692 1490 ipfiz
723 1437 898 1479 deorsum
934 1440 1075 1492 premit
1110 1440 1177 1480 fibi
1229 1441 1471 1498 subiectuffm

167 1501 205 1539 in
238 1512 310 1558 qua
342 1499 546 1553 hypothefi
587 1501 773 1543 fornicem
820 1515 839 1543 a
872 1504 1054 1544 catenaria
1109 1505 1276 1558 pendere
1327 1509 1473 1561 primus

167 1563 340 1603 distincte
369 1564 532 1605 ostendit
559 1565 638 1606 lac.
667 1566 922 1620 Berndem,
951 1569 989 1608 in
1010 1566 1175 1624 Operum
1201 1577 1293 1611 tomo
1313 1579 1362 1616 11.
1381 1580 1472 1628 pag.

169 1640 286 1677 1119
307 1660 317 1679 ,
360 1629 462 1668 cuius
496 1629 727 1671 methodum
761 1633 835 1673 alit
864 1631 1057 1674 occafione
1091 1634 1311 1688 explicrbo.

319 1757 354 1804 §.
391 1757 528 1799 XVII.
565 1758 665 1800 Cum
702 1762 828 1812 itaque
863 1761 959 1802 nulla
994 1774 1193 1803 Cumarum
1228 1763 1333 1804 alteri
1387 1763 1467 1818 pal-

160 1832 270 1862 mam
307 1823 511 1875 praeripiat
548 1826 585 1864 in
619 1825 884 1866 constituendo
919 1826 1063 1866 fornice
1085 1857 1096 1876 ‚
1131 1839 1265 1867 omnes
1300 1828 1469 1875 adeoque

162 1885 208 1924 ad
244 1885 343 1926 hunc
379 1884 484 1925 vsum
520 1889 659 1940 pariter
696 1890 764 1930 smt
797 1901 908 1944 aptae
957 1890 1024 1945 (§.
1049 1889 1206 1946 v11.)2
1263 1892 1366 1933 rec‘re
1416 1892 1466 1933 fe-

163 1960 298 1990 cerunt
330 1947 526 2002 superioris
561 1953 691 1992 aetatis
726 1955 944 1995 Architecti
975 1955 1132 2008 quidam
1169 1955 1370 2008 celebres,
1403 1958 1465 2011 qui

163 2024 312 2066 praeter
352 2013 543 2054 circulares
582 2027 617 2054 et
657 2016 843 2072 ellipticos
884 2018 1046 2059 fornices
1088 2019 1177 2060 alins
1213 2033 1361 2075 quoque
1398 2020 1466 2061 ha-

163 2090 249 2118 rum
283 2078 424 2117 formas
460 2075 731 2132 assumpserunt
764 2115 776 2135 ,
825 2096 913 2140 quas
955 2096 1097 2140 nempe
1140 2084 1307 2141 aspectui
1341 2094 1468 2140 gratas

168 2166 173 2175 ι
226 2142 350 2183 Tom.
373 2141 443 2183 VI.
464 2141 574 2185 Nov.
597 2141 722 2203 Com..
911 2146 954 2189 D
995 2147 1020 2189 d
1388 2146 1463 2186 effe
