2013 2703
590 159 679 197 302
739 147 841 192 DE
891 139 1192 189 INDICE
1246 142 1745 192 ELECTRICIY.

586 281 626 309 ra
659 279 711 307 ex
743 263 1005 316 atmosphaera
1027 294 1037 314 ,
1072 261 1248 302 fulminea
1269 262 1424 301 materia
1443 265 1590 315 grauida
1611 294 1620 312 ,
1658 278 1861 316 prouocan-

587 332 656 370 dae
674 329 806 368 auctor
825 359 835 377 ,
868 325 1124 366 machinulam
1145 338 1197 365 cx
1233 326 1363 365 rotulis
1381 326 1632 378 compositam
1661 328 1863 378 leuiffimis,

586 404 635 431 ex
669 391 797 430 charta
827 387 992 429 crasfiori
1020 419 1030 438 ‚
1070 388 1185 429 instar
1226 389 1435 428 molendini
1473 389 1585 438 alati,
1626 391 1863 432 eleetricitatc

585 455 631 494 ad
664 463 815 494 motum
858 453 1065 493 concitauit
1103 485 1114 504 ,
1164 452 1210 492 ad
1253 454 1432 492 materiae
1473 452 1667 493 electricae
1713 463 1863 495 motum

584 517 871 558 ostendendum.
953 516 1061 557 Haec
1102 516 1199 555 forte
1243 516 1418 556 machina
1442 547 1451 560 ,
1486 517 1673 557 celeritate
1705 518 1866 558 circum-

584 580 795 620 volutionis
828 580 959 620 indicis
991 580 1180 620 cuiusdam
1203 610 1214 628 ‚
1247 581 1326 620 vim
1369 580 1614 620 eleffiicitatis
1655 579 1867 620 mensurare

585 646 741 698 poterit.
813 643 925 686 Nihil
967 653 1095 684 tamen
1137 643 1186 682 de
1226 643 1516 696 imperfectione
1559 654 1597 683 et
1629 642 1868 697 perfefiione

585 706 724 748 harum
759 707 1022 748 machinarum
1058 705 1156 746 mihi
1190 706 1316 746 dicere
1357 707 1445 747 licet
1468 739 1479 758 ,
1533 719 1620 747 cum
1666 719 1727 747 eas
1767 720 1869 747 non-

585 772 679 812 dum
714 771 890 812 adhibere
923 781 959 810 et
995 783 1042 810 ne
1079 779 1265 810 accuratas
1294 770 1450 822 quidem
1485 781 1611 810 earum
1647 770 1868 824 descriptio-

588 846 654 875 nes
687 836 814 875 videre
844 835 1000 875 licuerit.
1068 834 1129 874 Eo
1163 846 1257 887 ergo
1289 832 1408 873 solum
1445 833 1565 872 indice
1609 833 1868 874 electricitatis

588 897 672 938 vsus
706 897 784 938 sum
809 930 820 949 ,
853 899 917 952 qui
953 900 991 938 in
1025 895 1408 938 Commentariorum
1443 896 1580 936 Tomo
1612 909 1664 936 xz
1678 909 1712 936 v.
1747 910 1767 936 a
1803 909 1869 937 me

588 961 792 1014 descriptus
825 962 904 1012 est,
937 971 975 1000 et
1007 973 1124 1014 quem
1162 961 1289 1013 postea
1332 958 1546 999 emend-aui.
1624 958 1868 999 Mentioncm

590 1024 743 1076 quidem
780 1024 898 1063 cuim
936 1023 1005 1062 feci
1027 1053 1038 1073 ,
1072 1035 1123 1062 ex
1158 1021 1436 1075 percuffionum
1469 1022 1715 1073 campanulae
1744 1054 1754 1073 ,
1796 1023 1870 1063 ele-

590 1087 775 1127 Ctricitate
818 1085 999 1126 fist-arum
1031 1116 1042 1135 ‚
1091 1084 1298 1138 frequentia
1348 1085 1526 1125 iudicium
1567 1082 1652 1124 ferri
1686 1086 1794 1139 poffe
1825 1086 1870 1126 de

590 1151 740 1191 virtutis
773 1150 965 1190 clec‘tricae
1000 1148 1202 1188 intensione
1232 1164 1243 1203 3
1283 1147 1502 1202 campanula
1539 1149 1601 1188 tali
1635 1158 1762 1190 tamen
1796 1161 1872 1189 non

591 1213 674 1254 vsus
705 1213 782 1254 sum
803 1246 813 1264 ,
849 1213 894 1252 ad
928 1213 1192 1265 phaenomena
1226 1211 1400 1252 clodii-ica
1433 1211 1646 1252 definienda
1667 1246 1676 1264 ,
1709 1213 1766 1252 sec}
1794 1212 1870 1252 solo

591 1277 660 1319 filo
692 1278 795 1317 lineo
815 1308 825 1326 ‚
859 1276 902 1315 ad
935 1275 1100 1327 regulam
1145 1275 1311 1328 pendulo
1331 1308 1340 1325 ‚
1374 1277 1420 1315 de
1455 1287 1529 1327 quo
1562 1287 1657 1314 nunc
1685 1276 1870 1328 quaedam

592 1342 861 1395 phaenomena
891 1339 1138 1378 electricitatis
1173 1349 1248 1377 tam
1281 1337 1492 1386 artificalis,
1527 1349 1640 1388 quim
1677 1338 1870 1386 naturalis,

592 1413 771 1459 quatenus
803 1403 924 1443 indice
961 1402 1154 1455 praiedicffo
1186 1400 1340 1439 definita
1361 1399 1438 1439 lunt
1458 1430 1468 1448 ,
1503 1409 1720 1452 exponere,
1756 1399 1870 1452 plne-

594 1478 833 1519 nomenaque
867 1465 1115 1505 clestricitatis
1149 1465 1336 1516 explicare
1369 1462 1554 1502 constitui.

714 1530 887 1571 Iudicem
920 1527 1170 1568 electricitatis
1202 1540 1302 1566 voco
1330 1527 1398 1565 tale
1419 1525 1706 1564 instrumentum
1730 1558 1739 1575 ,
1773 1527 1868 1565 cuius

594 1607 671 1649 ope
714 1593 940 1634 elestricitas
977 1592 1170 1632 cuiuslibet
1212 1591 1421 1644 corporis,
1458 1590 1493 1627 in
1527 1587 1674 1627 diuersis
1708 1589 1872 1628 circum-

595 1658 735 1701 stantiis
758 1692 766 1708 ,
801 1655 983 1709 cognosci
1015 1654 1136 1708 potest
1171 1655 1220 1693 ita
1242 1686 1252 1704 ,
1288 1665 1330 1693 vt
1366 1661 1544 1704 appareat
1566 1684 1576 1700 ,
1612 1661 1741 1691 Vtrum
1777 1664 1871 1691 nunc

597 1722 640 1764 sit
675 1722 801 1762 maior
819 1753 829 1772 ,
861 1731 976 1774 quam
996 1719 1084 1758 alias
1103 1717 1118 1759 ἓ
1152 1729 1188 1758 et
1207 1719 1306 1771 quod
1328 1716 1469 1756 inseruit
1491 1714 1631 1767 legibus
1649 1715 1872 1754 elcC'tricita-

597 1787 648 1826 tis
680 1783 896 1825 commode
924 1781 1160 1823 definiendis.
1225 1780 1416 1822 Probabile
1447 1779 1499 1819 cst
1534 1779 1570 1817 in
1608 1791 1682 1817 vna
1718 1781 1875 1831 regione

598 1849 793 1890 maiorem
835 1846 1119 1887 elediricitatem
1163 1846 1318 1884 excitari
1363 1843 1484 1897 poffc,
1525 1854 1638 1895 qnam
1674 1842 1711 1881 in
1747 1843 1873 1882 altera.

597 1910 683 1952 Cel.
719 1908 1062 1951 Muschenbrockio
1094 1921 1170 1949 non
1204 1909 1339 1948 imitari
1374 1907 1474 1947 licuit
1513 1905 1552 1945 in
1594 1903 1731 1958 Belgio
1762 1917 1876 1958 quae-

597 1976 687 2016 dam
733 1975 995 2026 experimenta
1037 1972 1210 2012 eledkrica
1238 2004 1248 2023 ,
1291 1984 1361 2012 nec
1406 1970 1503 2010 mihi
1544 1967 1607 2009 hic
1656 1969 1877 2022 Fen-cpoli,

597 2050 691 2093 quae
725 2038 761 2077 in
796 2033 1030 2087 Germania,
1063 2033 1187 2077 Gallia
1207 2069 1218 2087 ,
1250 2034 1357 2075 ltalia
1388 2043 1496 2087 capta
1539 2030 1619 2072 sunt
1660 2030 1876 2073 feliciffime.

598 2101 665 2146 De
696 2111 843 2156 magno
872 2108 1001 2143 autem
1034 2101 1385 2158 experimentatore
1419 2095 1763 2140 Muschenbrockio
1792 2106 1877 2147 pcr-

1769 2157 1878 2200 friatis
