2013 2703
430 148 537 192 ΕΓ
598 146 830 193 EIVS
895 148 1080 192 VSV.
1309 165 1396 203 331

122 264 380 306 elestrificatae
432 277 537 306 certo
584 268 698 321 gradu
748 277 786 308 et
833 266 965 321 gradus
1017 263 1218 308 descensus.
1285 266 1429 309 Initio·

121 330 280 370 videbir
298 331 394 371 milii
416 330 610 371 obseruare
652 334 842 385 egregiam
879 330 1123 371 harmoniam
1145 362 1155 381 ‚
1190 331 1243 372 ast
1274 332 1404 385 postea

122 395 288 446 repetito
319 394 458 448 saepius
492 396 762 448 experimento
796 395 967 436 minime.
1033 394 1121 435 Hoc
1154 394 1276 435 lblum
1326 396 1408 435 ani-

122 458 306 497 maduerti
327 491 337 509 ,
370 458 474 499 filum
511 468 650 506 motu,
686 468 787 499 certa
828 459 910 511 lege
954 458 1182 512 retardato,
1233 459 1408 500 accedere

120 521 167 562 ad
203 522 386 576 regulam.
451 521 598 562 Docuit
630 521 742 560 index

276 585 360 639 12.)
397 584 560 625 Mass'am
592 585 777 638 quandam
809 596 899 624 cum
934 592 1039 623 acuta
1056 585 1303 626 extremitate
1331 588 1405 627 rite

122 650 304 693 suffultam
341 652 379 689 in
409 648 600 687 vicinitate
651 648 824 701 corporis
855 659 876 687 a
925 647 1044 700 globo
1096 648 1407 690 electrificatorio

123 715 345 755 immediate
376 710 609 751 elestrificati
631 743 640 760 ‚
675 712 725 751 ita
748 744 758 762 ,
793 719 836 750 vt
870 722 977 751 acuta
1011 714 1233 753 extremitas
1272 725 1410 767 corpus

122 777 405 817 eleetrificatum
440 774 562 815 versus
594 775 774 828 dirigatur
794 808 805 826 ,
838 784 878 814 et
919 775 968 815 ab
1000 786 1051 814 eo
1098 775 1222 828 plures
1269 777 1410 830 digitos

123 841 230 881 distet
250 874 259 891 ‚
293 837 542 879 elestrificari.
580 837 726 880 Sensim
762 838 968 892 sensimque
1000 839 1104 879 enim
1139 839 1248 881 filum
1278 841 1412 882 indicis

121 905 186 944 tali
217 896 352 943 massae
385 903 557 955 adplicati
592 902 766 943 ascendit.
820 902 966 959 Quodsi
1005 903 1146 943 tollitur
1180 904 1411 946 eleetricitas

126 968 292 1018 corporis
324 966 545 1005 immediate
579 979 599 1005 a
642 966 760 1018 globo
809 966 1041 1006 electrificati
1062 999 1072 1018 ,
1106 968 1224 1008 etiam
1273 968 1409 1010 sensim

128 1027 266 1070 mals-ae
295 1041 382 1068 cum
417 1038 520 1068 acuta
539 1029 779 1068 extremitate
798 1028 1020 1068 electricitas
1038 1028 1252 1080 languescit.
1289 1031 1413 1072 Phae-

129 1104 326 1133 nomeiion
360 1092 479 1131 hocce
513 1100 550 1130 et
590 1092 693 1131 varia
744 1091 1002 1144 praecedentia
1055 1091 1199 1132 ducunt
1249 1105 1316 1133 nos
1364 1095 1413 1136 ad

130 1156 338 1196 naturalem
373 1155 661 1195 electricitatem
705 1153 1009 1194 considerandam
1032 1185 1043 1203 ‚
1094 1167 1190 1208 quae
1238 1156 1412 1208 phaeno=

131 1222 252 1261 menis
281 1220 402 1259 allatis
440 1218 658 1274 perpensis,
693 1218 892 1272 quomodo
926 1228 1126 1273 generetur
1145 1250 1157 1271 ,
1191 1231 1270 1260 non
1305 1219 1412 1265 diffi-

128 1284 248 1325 culter
282 1282 511 1335 intelligitur.

279 1346 514 1387 Electricims
548 1345 641 1387 haec
673 1349 844 1389 naturalis
878 1346 1076 1390 nouissime
1106 1348 1255 1391 detesta
1289 1347 1413 1392 nostra

128 1409 453 1464 contemplatione
485 1411 695 1465 digniss'ima
729 1413 793 1453 est.
858 1413 959 1454 Oriri
1002 1413 1152 1454 videtur
1202 1415 1242 1454 in
1285 1426 1414 1455 atmo-

130 1475 281 1528 spinei-a
312 1475 504 1515 collisione
555 1476 823 1528 particulirum
875 1477 1104 1517 deriuatiiiae
1155 1478 1413 1519 eled'cricitatis

130 1539 170 1577 in
205 1537 417 1591 corpuscula
451 1539 671 1591 originariae
702 1540 950 1581 eltt‘tricitatis
974 1572 985 1591 ‚
1023 1553 1116 1594 quae-
1154 1541 1224 1582 hac
1265 1542 1414 1582 ratione

132 1600 375 1641 elestrilicata
407 1614 495 1641 cum
529 1602 605 1641 aliis
637 1603 861 1645 deriii.itinae
892 1605 1142 1645 electricitatis
1160 1606 1415 1661 corpusculis,

132 1666 246 1704 nubes
281 1664 517 1704 multitudine
564 1667 915 1719 constituentibus,
967 1668 1254 1710 eletstricimtem
1305 1681 1413 1709 com-

133 1738 339 1768 municant.
405 1728 681 1782 philadelphiae
715 1731 754 1770 in
788 1732 978 1772 America
1014 1733 1228 1785 praedistus
1267 1732 1416 1773 Franc-

135 1791 228 1831 limts
261 1791 508 1844 sigicissiinus
541 1793 769 1847 inexpee‘tati
807 1796 1063 1849 phaenomcni
1107 1795 1281 1848 proditor
1317 1794 1414 1847 fuit,

134 1865 170 1893 et
206 1867 303 1893 nunc
336 1856 382 1894 de
421 1855 472 1894 rei
502 1856 660 1898 veritate
695 1857 1018 1900 obstruationibus
1037 1858 1168 1913 passim
1199 1861 1236 1900 in
1257 1859 1415 1913 Europa

135 1918 313 1970 euulgatis
347 1917 491 1971 prorsus
530 1931 607 1959 non
658 1921 828 1963 dubitare
879 1923 993 1972 licet,
1041 1922 1300 1977 quilibetque,
1351 1922 1415 1977 qui

136 1982 277 2021 ferrum
309 1985 473 2022 acutum'
496 1994 545 2021 ex
580 1983 692 2024 serico
727 1986 890 2027 funiculo
940 1987 1158 2040 suspendere
1191 1987 1317 2038 valet,
1355 1986 1414 2027 vel

137 2047 235 2085 virro
253 2055 288 2084 et
319 2046 432 2085 resina
464 2045 593 2085 fulcire
612 2078 621 2095 ,
651 2049 697 2086 de
720 2050 779 2090 illa
808 2050 985 2090 conuinci
1015 2052 1170 2106 poterit.
1201 2049 1415 2104 Suspicatus

137 2108 293 2163 quidem
321 2120 397 2150 erat
419 2109 496 2150 iam
521 2121 623 2148 anno
658 2122 769 2162 ¹735
801 2112 858 2154 Cl.
891 2114 998 2167 Gray
1019 2147 1029 2167 ,
1055 2115 1119 2170 qui
1145 2114 1241 2158 inter
1268 2115 1418 2171 primos

708 2175 744 2215 T
780 2184 796 2215 t
826 2189 848 2214 2
1378 2184 1419 2215 et
