<?xml version="1.0" encoding="UTF-8"?>
<!DOCTYPE html PUBLIC "-//W3C//DTD XHTML 1.0 Transitional//EN"
    "http://www.w3.org/TR/xhtml1/DTD/xhtml1-transitional.dtd">
<html xmlns="http://www.w3.org/1999/xhtml" xml:lang="en" lang="en">
 <head>
  <title>
</title>
<meta http-equiv="Content-Type" content="text/html;charset=utf-8" />
  <meta name='ocr-system' content='tesseract 3.04.00' />
  <meta name='ocr-capabilities' content='ocr_page ocr_carea ocr_par ocr_line ocrx_word'/>
</head>
<body>
  <div class='ocr_page' id='page_1' title='image "./novicommentariac04impe_0224.png"; bbox 0 0 2013 2703; ppageno 0'>
   <div class='ocr_carea' id='block_1_1' title="bbox 555 151 1598 214">
    <p class='ocr_par' dir='ltr' id='par_1_1' title="bbox 555 151 1598 214">
     <span class='ocr_line' id='line_1_1' title="bbox 555 151 1598 214; baseline -0.002 -12"><span class='ocrx_word' id='word_1_1' title='bbox 555 168 643 214; x_wconf 72' lang='lat'>154</span> <span class='ocrx_word' id='word_1_2' title='bbox 795 151 1598 202; x_wconf 80' lang='lat' dir='ltr'><strong><em>DEMONSTRATIO</em></strong></span> 
     </span>
    </p>
   </div>
   <div class='ocr_carea' id='block_1_2' title="bbox 544 283 1855 1107">
    <p class='ocr_par' dir='ltr' id='par_1_2' title="bbox 544 283 1855 1107">
     <span class='ocr_line' id='line_1_2' title="bbox 547 283 1846 342; baseline -0.002 -14"><span class='ocrx_word' id='word_1_3' title='bbox 547 289 708 339; x_wconf 71' lang='lat' dir='ltr'>vrit-atis,</span> <span class='ocrx_word' id='word_1_4' title='bbox 742 288 806 328; x_wconf 81' lang='lat' dir='ltr'>niss</span> <span class='ocrx_word' id='word_1_5' title='bbox 839 284 938 338; x_wconf 82' lang='lat' dir='ltr'>quod</span> <span class='ocrx_word' id='word_1_6' title='bbox 975 283 1037 325; x_wconf 87' lang='lat' dir='ltr'>hic</span> <span class='ocrx_word' id='word_1_7' title='bbox 1073 284 1126 326; x_wconf 93' lang='lat' dir='ltr'>ob</span> <span class='ocrx_word' id='word_1_8' title='bbox 1144 283 1348 326; x_wconf 88' lang='lat' dir='ltr'>solidorum</span> <span class='ocrx_word' id='word_1_9' title='bbox 1381 284 1550 327; x_wconf 82' lang='lat' dir='ltr'>indolem</span> <span class='ocrx_word' id='word_1_10' title='bbox 1583 285 1666 341; x_wconf 78' lang='lat' dir='ltr'>plus</span> <span class='ocrx_word' id='word_1_11' title='bbox 1699 285 1846 342; x_wconf 78' lang='lat' dir='ltr'>imagi.&#39;</span> 
     </span>
     <span class='ocr_line' id='line_1_3' title="bbox 548 347 1844 407; baseline 0 -13"><span class='ocrx_word' id='word_1_12' title='bbox 548 355 692 394; x_wconf 80' lang='lat' dir='ltr'>nationi</span> <span class='ocrx_word' id='word_1_13' title='bbox 727 354 766 392; x_wconf 80' lang='lat' dir='ltr'>{it</span> <span class='ocrx_word' id='word_1_14' title='bbox 800 348 1041 389; x_wconf 86' lang='lat' dir='ltr'>tribuendum</span> <span class='ocrx_word' id='word_1_15' title='bbox 1064 381 1075 401; x_wconf 88' lang='lat'><strong>‚</strong></span> <span class='ocrx_word' id='word_1_16' title='bbox 1109 349 1293 403; x_wconf 78' lang='lat' dir='ltr'>siquidem</span> <span class='ocrx_word' id='word_1_17' title='bbox 1332 347 1442 389; x_wconf 85' lang='lat' dir='ltr'>solida</span> <span class='ocrx_word' id='word_1_18' title='bbox 1482 349 1585 407; x_wconf 65' lang='lat' dir='ltr'>super</span> <span class='ocrx_word' id='word_1_19' title='bbox 1624 352 1739 405; x_wconf 83' lang='lat' dir='ltr'>plano</span> <span class='ocrx_word' id='word_1_20' title='bbox 1779 356 1844 394; x_wconf 81' lang='lat' dir='ltr'>de-</span> 
     </span>
     <span class='ocr_line' id='line_1_4' title="bbox 547 412 1844 472; baseline 0.001 -16"><span class='ocrx_word' id='word_1_21' title='bbox 547 419 751 471; x_wconf 73' lang='lat' dir='ltr'>pingantur</span> <span class='ocrx_word' id='word_1_22' title='bbox 774 429 779 452; x_wconf 80' lang='lat'>2</span> <span class='ocrx_word' id='word_1_23' title='bbox 818 422 856 453; x_wconf 88' lang='lat' dir='ltr'>at</span> <span class='ocrx_word' id='word_1_24' title='bbox 893 412 919 453; x_wconf 84' lang='lat' dir='ltr'>ss</span> <span class='ocrx_word' id='word_1_25' title='bbox 939 412 1155 454; x_wconf 64' lang='lat' dir='ltr'>buamundi</span> <span class='ocrx_word' id='word_1_26' title='bbox 1178 412 1316 467; x_wconf 79' lang='lat' dir='ltr'>figurae</span> <span class='ocrx_word' id='word_1_27' title='bbox 1334 424 1543 466; x_wconf 76' lang='lat' dir='ltr'>corporeae</span> <span class='ocrx_word' id='word_1_28' title='bbox 1561 413 1814 457; x_wconf 72' lang='lat' dir='ltr'>formarentur</span> <span class='ocrx_word' id='word_1_29' title='bbox 1831 450 1844 472; x_wconf 77' lang='lat'>‚</span> 
     </span>
     <span class='ocr_line' id='line_1_5' title="bbox 547 474 1846 532; baseline 0 -13"><span class='ocrx_word' id='word_1_30' title='bbox 547 482 679 519; x_wconf 72' lang='lat' dir='ltr'>omnia</span> <span class='ocrx_word' id='word_1_31' title='bbox 715 489 831 531; x_wconf 81' lang='lat' dir='ltr'>aeque</span> <span class='ocrx_word' id='word_1_32' title='bbox 865 476 958 517; x_wconf 83' lang='lat' dir='ltr'>clara</span> <span class='ocrx_word' id='word_1_33' title='bbox 994 476 1111 518; x_wconf 77' lang='lat' dir='ltr'>effent</span> <span class='ocrx_word' id='word_1_34' title='bbox 1144 479 1272 518; x_wconf 79' lang='lat' dir='ltr'>lutura.</span> <span class='ocrx_word' id='word_1_35' title='bbox 1347 474 1531 518; x_wconf 82' lang='lat' dir='ltr'>Ceterum</span> <span class='ocrx_word' id='word_1_36' title='bbox 1579 489 1671 532; x_wconf 87' lang='lat' dir='ltr'>quae</span> <span class='ocrx_word' id='word_1_37' title='bbox 1711 481 1748 519; x_wconf 93' lang='lat' dir='ltr'>in</span> <span class='ocrx_word' id='word_1_38' title='bbox 1789 480 1846 519; x_wconf 83' lang='lat' dir='ltr'>so-</span> 
     </span>
     <span class='ocr_line' id='line_1_6' title="bbox 545 533 1848 598; baseline -0.001 -14"><span class='ocrx_word' id='word_1_39' title='bbox 545 545 690 584; x_wconf 83' lang='lat' dir='ltr'>lutione</span> <span class='ocrx_word' id='word_1_40' title='bbox 723 533 829 582; x_wconf 34' lang='lat' dir='ltr'>istius*</span> <span class='ocrx_word' id='word_1_41' title='bbox 856 541 1106 594; x_wconf 70' lang='lat' dir='ltr'>problematis</span> <span class='ocrx_word' id='word_1_42' title='bbox 1141 541 1288 582; x_wconf 80' lang='lat' dir='ltr'>affumss</span> <span class='ocrx_word' id='word_1_43' title='bbox 1308 574 1318 591; x_wconf 92' lang='lat'>,</span> <span class='ocrx_word' id='word_1_44' title='bbox 1354 555 1421 594; x_wconf 86' lang='lat' dir='ltr'>per</span> <span class='ocrx_word' id='word_1_45' title='bbox 1455 541 1489 581; x_wconf 85' lang='lat' dir='ltr'>se</span> <span class='ocrx_word' id='word_1_46' title='bbox 1523 540 1603 582; x_wconf 87' lang='lat' dir='ltr'>sunt</span> <span class='ocrx_word' id='word_1_47' title='bbox 1637 541 1848 598; x_wconf 43' lang='lat' dir='ltr'>manifestam</span> 
     </span>
     <span class='ocr_line' id='line_1_7' title="bbox 544 603 1851 660; baseline -0.002 -11"><span class='ocrx_word' id='word_1_48' title='bbox 544 608 571 650; x_wconf 82' lang='lat' dir='ltr'>si</span> <span class='ocrx_word' id='word_1_49' title='bbox 601 608 707 647; x_wconf 87' lang='lat' dir='ltr'>enim</span> <span class='ocrx_word' id='word_1_50' title='bbox 741 605 921 646; x_wconf 76' lang='lat' dir='ltr'>habeatur</span> <span class='ocrx_word' id='word_1_51' title='bbox 957 607 1194 660; x_wconf 85' lang='lat' dir='ltr'>polygonum</span> <span class='ocrx_word' id='word_1_52' title='bbox 1229 608 1267 646; x_wconf 89' lang='lat' dir='ltr'><strong>A</strong></span> <span class='ocrx_word' id='word_1_53' title='bbox 1288 603 1321 645; x_wconf 86' lang='lat' dir='ltr'>B</span> <span class='ocrx_word' id='word_1_54' title='bbox 1342 603 1375 645; x_wconf 91' lang='lat' dir='ltr'>C</span> <span class='ocrx_word' id='word_1_55' title='bbox 1406 604 1449 646; x_wconf 94' lang='lat' dir='ltr'><strong>D</strong></span> <span class='ocrx_word' id='word_1_56' title='bbox 1470 606 1503 647; x_wconf 84' lang='lat' dir='ltr'>E</span> <span class='ocrx_word' id='word_1_57' title='bbox 1523 606 1552 646; x_wconf 80' lang='lat' dir='ltr'>F</span> <span class='ocrx_word' id='word_1_58' title='bbox 1569 639 1580 658; x_wconf 89' lang='lat'>,</span> <span class='ocrx_word' id='word_1_59' title='bbox 1615 618 1638 646; x_wconf 91' lang='lat' dir='ltr'>n</span> <span class='ocrx_word' id='word_1_60' title='bbox 1677 605 1851 647; x_wconf 82' lang='lat' dir='ltr'>lateribus</span> 
     </span>
     <span class='ocr_line' id='line_1_8' title="bbox 545 670 1849 723; baseline -0.001 -11"><span class='ocrx_word' id='word_1_61' title='bbox 545 672 792 712; x_wconf 84' lang='lat' dir='ltr'>terminatum</span> <span class='ocrx_word' id='word_1_62' title='bbox 812 703 822 723; x_wconf 86' lang='lat'>,</span> <span class='ocrx_word' id='word_1_63' title='bbox 856 670 988 710; x_wconf 85' lang='lat' dir='ltr'>leuiter</span> <span class='ocrx_word' id='word_1_64' title='bbox 1025 671 1235 711; x_wconf 81' lang='lat' dir='ltr'>attendenti</span> <span class='ocrx_word' id='word_1_65' title='bbox 1269 682 1368 710; x_wconf 84' lang='lat' dir='ltr'>mox</span> <span class='ocrx_word' id='word_1_66' title='bbox 1398 670 1572 723; x_wconf 83' lang='lat' dir='ltr'>patebit,</span> <span class='ocrx_word' id='word_1_67' title='bbox 1608 670 1632 711; x_wconf 85' lang='lat' dir='ltr'>si</span> <span class='ocrx_word' id='word_1_68' title='bbox 1652 683 1693 709; x_wconf 83' lang='lat' dir='ltr'>ca</span> <span class='ocrx_word' id='word_1_69' title='bbox 1730 670 1849 723; x_wconf 80' lang='lat' dir='ltr'>figura</span> 
     </span>
     <span class='ocr_line' id='line_1_9' title="bbox 545 733 1848 789; baseline -0.001 -14"><span class='ocrx_word' id='word_1_70' title='bbox 545 735 803 789; x_wconf 80' lang='lat' dir='ltr'>diagonalibus</span> <span class='ocrx_word' id='word_1_71' title='bbox 846 735 1022 774; x_wconf 79' lang='lat' dir='ltr'>ducendis</span> <span class='ocrx_word' id='word_1_72' title='bbox 1072 735 1109 773; x_wconf 91' lang='lat' dir='ltr'>in</span> <span class='ocrx_word' id='word_1_73' title='bbox 1150 733 1332 786; x_wconf 81' lang='lat' dir='ltr'>triangula</span> <span class='ocrx_word' id='word_1_74' title='bbox 1375 733 1601 785; x_wconf 78' lang='lat' dir='ltr'>dissecetur,</span> <span class='ocrx_word' id='word_1_75' title='bbox 1643 746 1848 775; x_wconf 83' lang='lat' dir='ltr'>numerum</span> 
     </span>
     <span class='ocr_line' id='line_1_10' title="bbox 546 798 1845 851; baseline -0.002 -11"><span class='ocrx_word' id='word_1_76' title='bbox 546 799 688 841; x_wconf 80' lang='lat' dir='ltr'>horum</span> <span class='ocrx_word' id='word_1_77' title='bbox 723 798 994 851; x_wconf 84' lang='lat' dir='ltr'>triangulorum</span> <span class='ocrx_word' id='word_1_78' title='bbox 1027 799 1107 838; x_wconf 83' lang='lat' dir='ltr'>fore</span> <span class='ocrx_word' id='word_1_79' title='bbox 1143 811 1196 838; x_wconf 70' lang='lat' dir='ltr'><em>z</em></span> <span class='ocrx_word' id='word_1_80' title='bbox 1216 810 1293 838; x_wconf 88' lang='lat' dir='ltr'>n--</span> <span class='ocrx_word' id='word_1_81' title='bbox 1319 810 1372 850; x_wconf 83' lang='lat'>2,</span> <span class='ocrx_word' id='word_1_82' title='bbox 1408 810 1682 850; x_wconf 81' lang='lat' dir='ltr'>munerumque</span> <span class='ocrx_word' id='word_1_83' title='bbox 1718 799 1845 851; x_wconf 84' lang='lat' dir='ltr'>diago-</span> 
     </span>
     <span class='ocr_line' id='line_1_11' title="bbox 548 860 1848 914; baseline -0.003 -10"><span class='ocrx_word' id='word_1_84' title='bbox 548 863 686 905; x_wconf 82' lang='lat' dir='ltr'>nalium</span> <span class='ocrx_word' id='word_1_85' title='bbox 720 862 800 902; x_wconf 87' lang='lat' dir='ltr'>hoc</span> <span class='ocrx_word' id='word_1_86' title='bbox 843 862 963 902; x_wconf 90' lang='lat' dir='ltr'>modo</span> <span class='ocrx_word' id='word_1_87' title='bbox 1013 862 1215 902; x_wconf 60' lang='lat' dir='ltr'>ductarum</span> <span class='ocrx_word' id='word_1_88' title='bbox 1269 872 1366 899; x_wconf 71' lang='lat' dir='ltr'>:2n</span> <span class='ocrx_word' id='word_1_89' title='bbox 1388 882 1424 889; x_wconf 91' lang='lat'><em>-</em></span> <span class='ocrx_word' id='word_1_90' title='bbox 1449 870 1470 906; x_wconf 83' lang='grc'>3</span> <span class='ocrx_word' id='word_1_91' title='bbox 1497 875 1504 899; x_wconf 80' lang='lat' dir='ltr'><strong><em>z</em></strong></span> <span class='ocrx_word' id='word_1_92' title='bbox 1557 860 1848 914; x_wconf 73' lang='lat' dir='ltr'>quadrilaterum</span> 
     </span>
     <span class='ocr_line' id='line_1_12' title="bbox 548 924 1855 978; baseline -0.002 -12"><span class='ocrx_word' id='word_1_93' title='bbox 548 927 651 968; x_wconf 81' lang='lat' dir='ltr'>enim</span> <span class='ocrx_word' id='word_1_94' title='bbox 688 938 761 966; x_wconf 81' lang='lat' dir='ltr'>vna</span> <span class='ocrx_word' id='word_1_95' title='bbox 789 924 981 978; x_wconf 79' lang='lat' dir='ltr'>diagonali</span> <span class='ocrx_word' id='word_1_96' title='bbox 999 926 1034 964; x_wconf 89' lang='lat' dir='ltr'>in</span> <span class='ocrx_word' id='word_1_97' title='bbox 1068 928 1139 966; x_wconf 82' lang='lat' dir='ltr'>dua</span> <span class='ocrx_word' id='word_1_98' title='bbox 1170 925 1352 978; x_wconf 82' lang='lat' dir='ltr'>triangula</span> <span class='ocrx_word' id='word_1_99' title='bbox 1382 957 1392 977; x_wconf 82' lang='lat'>‚</span> <span class='ocrx_word' id='word_1_100' title='bbox 1427 933 1685 977; x_wconf 78' lang='lat' dir='ltr'>pentagonum</span> <span class='ocrx_word' id='word_1_101' title='bbox 1713 924 1855 964; x_wconf 82' lang='lat' dir='ltr'>duabus</span> 
     </span>
     <span class='ocr_line' id='line_1_13' title="bbox 547 988 1853 1044; baseline -0.005 -12"><span class='ocrx_word' id='word_1_102' title='bbox 547 990 804 1044; x_wconf 78' lang='lat' dir='ltr'>diagonahbus</span> <span class='ocrx_word' id='word_1_103' title='bbox 838 991 876 1029; x_wconf 88' lang='lat' dir='ltr'>in</span> <span class='ocrx_word' id='word_1_104' title='bbox 910 992 978 1029; x_wconf 79' lang='lat' dir='ltr'>tria</span> <span class='ocrx_word' id='word_1_105' title='bbox 1019 989 1227 1041; x_wconf 80' lang='lat' dir='ltr'>triangula,</span> <span class='ocrx_word' id='word_1_106' title='bbox 1261 999 1299 1028; x_wconf 88' lang='lat' dir='ltr'>ct</span> <span class='ocrx_word' id='word_1_107' title='bbox 1331 988 1577 1039; x_wconf 76' lang='lat' dir='ltr'>hexagonum</span> <span class='ocrx_word' id='word_1_108' title='bbox 1620 988 1733 1028; x_wconf 86' lang='lat' dir='ltr'>tribus</span> <span class='ocrx_word' id='word_1_109' title='bbox 1772 988 1853 1027; x_wconf 80' lang='lat' dir='ltr'>dia-</span> 
     </span>
     <span class='ocr_line' id='line_1_14' title="bbox 547 1051 1851 1107; baseline -0.005 -12"><span class='ocrx_word' id='word_1_110' title='bbox 547 1054 738 1107; x_wconf 85' lang='lat' dir='ltr'>gonalibus</span> <span class='ocrx_word' id='word_1_111' title='bbox 778 1055 816 1093; x_wconf 85' lang='lat' dir='ltr'>in</span> <span class='ocrx_word' id='word_1_112' title='bbox 857 1061 1016 1103; x_wconf 80' lang='lat' dir='ltr'>quatuor</span> <span class='ocrx_word' id='word_1_113' title='bbox 1055 1051 1234 1102; x_wconf 83' lang='lat' dir='ltr'>triangula</span> <span class='ocrx_word' id='word_1_114' title='bbox 1266 1051 1505 1103; x_wconf 82' lang='lat' dir='ltr'>dispertitur,</span> <span class='ocrx_word' id='word_1_115' title='bbox 1549 1061 1587 1090; x_wconf 89' lang='lat' dir='ltr'>et</span> <span class='ocrx_word' id='word_1_116' title='bbox 1628 1051 1678 1091; x_wconf 78' lang='lat' dir='ltr'>ita</span> <span class='ocrx_word' id='word_1_117' title='bbox 1717 1060 1851 1104; x_wconf 81' lang='lat' dir='ltr'>porro.</span> 
     </span>
    </p>
   </div>
   <div class='ocr_carea' id='block_1_3' title="bbox 739 1176 1659 1223">
    <p class='ocr_par' dir='ltr' id='par_1_3' title="bbox 739 1176 1659 1223">
     <span class='ocr_line' id='line_1_15' title="bbox 739 1176 1659 1223; baseline 0 -1"><span class='ocrx_word' id='word_1_118' title='bbox 739 1176 1141 1223; x_wconf 82' lang='lat' dir='ltr'>PROPOSITIO</span> <span class='ocrx_word' id='word_1_119' title='bbox 1162 1177 1236 1220; x_wconf 88' lang='lat'>111.</span> <span class='ocrx_word' id='word_1_120' title='bbox 1259 1178 1659 1222; x_wconf 85' lang='lat' dir='ltr'><strong>THEOREMA.</strong></span> 
     </span>
    </p>
   </div>
   <div class='ocr_carea' id='block_1_4' title="bbox 546 1272 1855 1588">
    <p class='ocr_par' dir='ltr' id='par_1_4' title="bbox 546 1272 1855 1588">
     <span class='ocr_line' id='line_1_16' title="bbox 669 1272 1855 1331; baseline 0 -12"><span class='ocrx_word' id='word_1_121' title='bbox 669 1281 728 1319; x_wconf 84' lang='lat'>16</span> <span class='ocrx_word' id='word_1_122' title='bbox 733 1311 741 1320; x_wconf 88' lang='lat'><strong>.</strong></span> <span class='ocrx_word' id='word_1_123' title='bbox 774 1278 823 1318; x_wconf 89' lang='lat' dir='ltr'>In</span> <span class='ocrx_word' id='word_1_124' title='bbox 853 1278 949 1318; x_wconf 86' lang='lat' dir='ltr'>omni</span> <span class='ocrx_word' id='word_1_125' title='bbox 968 1272 1082 1328; x_wconf 75' lang='lat' dir='ltr'><em>fhh&#39;do</em></span> <span class='ocrx_word' id='word_1_126' title='bbox 1115 1275 1242 1318; x_wconf 70' lang='lat' dir='ltr'>hedris</span> <span class='ocrx_word' id='word_1_127' title='bbox 1252 1276 1381 1331; x_wconf 80' lang='lat' dir='ltr'>planis</span> <span class='ocrx_word' id='word_1_128' title='bbox 1422 1277 1517 1318; x_wconf 84' lang='lat' dir='ltr'>inclu</span> <span class='ocrx_word' id='word_1_129' title='bbox 1532 1290 1550 1317; x_wconf 85' lang='lat'><strong><em>0</em></strong></span> <span class='ocrx_word' id='word_1_130' title='bbox 1570 1273 1718 1330; x_wconf 80' lang='lat' dir='ltr'>summa</span> <span class='ocrx_word' id='word_1_131' title='bbox 1736 1279 1855 1319; x_wconf 80' lang='lat' dir='ltr'>omni-</span> 
     </span>
     <span class='ocr_line' id='line_1_17' title="bbox 547 1339 1850 1395; baseline -0.002 -10"><span class='ocrx_word' id='word_1_132' title='bbox 547 1354 608 1385; x_wconf 80' lang='lat' dir='ltr'>um</span> <span class='ocrx_word' id='word_1_133' title='bbox 647 1341 856 1395; x_wconf 75' lang='lat' dir='ltr'>angulorum</span> <span class='ocrx_word' id='word_1_134' title='bbox 900 1339 1122 1395; x_wconf 81' lang='lat' dir='ltr'>planorum,</span> <span class='ocrx_word' id='word_1_135' title='bbox 1172 1342 1232 1394; x_wconf 79' lang='lat' dir='ltr'>qui</span> <span class='ocrx_word' id='word_1_136' title='bbox 1279 1343 1317 1380; x_wconf 85' lang='lat' dir='ltr'>in</span> <span class='ocrx_word' id='word_1_137' title='bbox 1371 1342 1446 1381; x_wconf 82' lang='lat' dir='ltr'>eius</span> <span class='ocrx_word' id='word_1_138' title='bbox 1490 1340 1621 1381; x_wconf 74' lang='lat' dir='ltr'>hedrt&#39;s</span> <span class='ocrx_word' id='word_1_139' title='bbox 1666 1340 1821 1392; x_wconf 52' lang='lat' dir='ltr'>esistunt</span> <span class='ocrx_word' id='word_1_140' title='bbox 1839 1374 1850 1393; x_wconf 89' lang='lat'>,</span> 
     </span>
     <span class='ocr_line' id='line_1_18' title="bbox 548 1402 1855 1460; baseline -0.005 -12"><span class='ocrx_word' id='word_1_141' title='bbox 548 1407 717 1460; x_wconf 75' lang='lat' dir='ltr'>aequalis</span> <span class='ocrx_word' id='word_1_142' title='bbox 741 1405 787 1460; x_wconf 88' lang='lat' dir='ltr'>est</span> <span class='ocrx_word' id='word_1_143' title='bbox 821 1411 954 1459; x_wconf 68' lang='lat' dir='ltr'>quater</span> <span class='ocrx_word' id='word_1_144' title='bbox 987 1411 1040 1444; x_wconf 81' lang='lat' dir='ltr'>tot</span> <span class='ocrx_word' id='word_1_145' title='bbox 1076 1403 1218 1457; x_wconf 83' lang='lat' dir='ltr'>angulis</span> <span class='ocrx_word' id='word_1_146' title='bbox 1251 1403 1363 1444; x_wconf 66' lang='lat' dir='ltr'>rems</span> <span class='ocrx_word' id='word_1_147' title='bbox 1382 1435 1392 1453; x_wconf 87' lang='lat'>‚</span> <span class='ocrx_word' id='word_1_148' title='bbox 1423 1410 1506 1456; x_wconf 82' lang='lat' dir='ltr'>quot</span> <span class='ocrx_word' id='word_1_149' title='bbox 1528 1403 1615 1455; x_wconf 80' lang='lat' dir='ltr'>fimt</span> <span class='ocrx_word' id='word_1_150' title='bbox 1642 1403 1765 1455; x_wconf 78' lang='lat' dir='ltr'>anguli</span> <span class='ocrx_word' id='word_1_151' title='bbox 1785 1402 1855 1454; x_wconf 78' lang='grc' dir='ltr'>[ο-</span> 
     </span>
     <span class='ocr_line' id='line_1_19' title="bbox 546 1462 1855 1525; baseline -0.005 -13"><span class='ocrx_word' id='word_1_152' title='bbox 546 1469 613 1512; x_wconf 68' lang='lat' dir='ltr'>lidi</span> <span class='ocrx_word' id='word_1_153' title='bbox 634 1505 645 1524; x_wconf 77' lang='lat'>,</span> <span class='ocrx_word' id='word_1_154' title='bbox 678 1471 808 1512; x_wconf 81' lang='lat' dir='ltr'>demtis</span> <span class='ocrx_word' id='word_1_155' title='bbox 838 1469 913 1510; x_wconf 69' lang='lat' dir='ltr'>octo</span> <span class='ocrx_word' id='word_1_156' title='bbox 936 1484 946 1522; x_wconf 74' lang='lat'>3</span> <span class='ocrx_word' id='word_1_157' title='bbox 973 1465 1037 1522; x_wconf 75' lang='lat' dir='ltr'>fi²u</span> <span class='ocrx_word' id='word_1_158' title='bbox 1056 1469 1096 1525; x_wconf 83' lang='lat' dir='ltr'><em>fi</em></span> <span class='ocrx_word' id='word_1_159' title='bbox 1126 1479 1291 1508; x_wconf 80' lang='lat' dir='ltr'>numerus</span> <span class='ocrx_word' id='word_1_160' title='bbox 1323 1465 1532 1518; x_wconf 61' lang='lat' dir='ltr'>aigum-mn</span> <span class='ocrx_word' id='word_1_161' title='bbox 1558 1462 1760 1521; x_wconf 64' lang='lat' dir='ltr'>solidorum</span> <span class='ocrx_word' id='word_1_162' title='bbox 1795 1466 1855 1520; x_wconf 72' lang='lat' dir='ltr'>fit</span> 
     </span>
     <span class='ocr_line' id='line_1_20' title="bbox 549 1526 1849 1588; baseline -0.006 -11"><span class='ocrx_word' id='word_1_163' title='bbox 549 1547 607 1576; x_wconf 77' lang='lat' dir='ltr'>z:</span> <span class='ocrx_word' id='word_1_164' title='bbox 624 1532 651 1577; x_wconf 90' lang='lat' dir='ltr'>S</span> <span class='ocrx_word' id='word_1_165' title='bbox 673 1568 683 1588; x_wconf 88' lang='lat'>‚</span> <span class='ocrx_word' id='word_1_166' title='bbox 707 1532 850 1586; x_wconf 83' lang='lat' dir='ltr'>summa</span> <span class='ocrx_word' id='word_1_167' title='bbox 883 1534 1034 1574; x_wconf 81' lang='lat' dir='ltr'>omnium</span> <span class='ocrx_word' id='word_1_168' title='bbox 1078 1532 1283 1587; x_wconf 77' lang='lat' dir='ltr'>angulorum</span> <span class='ocrx_word' id='word_1_169' title='bbox 1314 1531 1510 1586; x_wconf 82' lang='lat' dir='ltr'>planorum</span> <span class='ocrx_word' id='word_1_170' title='bbox 1548 1536 1732 1586; x_wconf 80' lang='lat' dir='ltr'>aequatur</span> <span class='ocrx_word' id='word_1_171' title='bbox 1774 1541 1805 1579; x_wconf 80' lang='lat'>4</span> <span class='ocrx_word' id='word_1_172' title='bbox 1821 1526 1849 1569; x_wconf 83' lang='lat' dir='ltr'>S</span> 
     </span>
    </p>
   </div>
   <div class='ocr_carea' id='block_1_5' title="bbox 550 1597 979 1656">
    <p class='ocr_par' dir='ltr' id='par_1_5' title="bbox 550 1597 979 1656">
     <span class='ocr_line' id='line_1_21' title="bbox 550 1597 979 1656; baseline -0.005 -15"><span class='ocrx_word' id='word_1_173' title='bbox 550 1618 594 1656; x_wconf 48' lang='grc' dir='ltr'>ζῇ-</span> <span class='ocrx_word' id='word_1_174' title='bbox 617 1603 640 1641; x_wconf 79' lang='grc'><strong>8</strong></span> <span class='ocrx_word' id='word_1_175' title='bbox 676 1597 822 1653; x_wconf 80' lang='lat' dir='ltr'>angulis</span> <span class='ocrx_word' id='word_1_176' title='bbox 853 1597 979 1641; x_wconf 69' lang='lat' dir='ltr'>reHis.</span> 
     </span>
    </p>
   </div>
   <div class='ocr_carea' id='block_1_6' title="bbox 899 1724 1567 1770">
    <p class='ocr_par' dir='ltr' id='par_1_6' title="bbox 899 1724 1567 1770">
     <span class='ocr_line' id='line_1_22' title="bbox 899 1724 1567 1770; baseline -0.007 0"><span class='ocrx_word' id='word_1_177' title='bbox 899 1724 1567 1770; x_wconf 80' lang='lat' dir='ltr'><strong>DEMONSTRATIO.</strong></span> 
     </span>
    </p>
   </div>
   <div class='ocr_carea' id='block_1_7' title="bbox 553 1821 1854 2134">
    <p class='ocr_par' dir='ltr' id='par_1_7' title="bbox 553 1821 1854 2134">
     <span class='ocr_line' id='line_1_23' title="bbox 669 1821 1853 1879; baseline -0.003 -13"><span class='ocrx_word' id='word_1_178' title='bbox 669 1823 716 1866; x_wconf 91' lang='lat' dir='ltr'>In</span> <span class='ocrx_word' id='word_1_179' title='bbox 751 1825 868 1867; x_wconf 84' lang='lat' dir='ltr'>solido</span> <span class='ocrx_word' id='word_1_180' title='bbox 902 1837 1125 1879; x_wconf 82' lang='lat' dir='ltr'>quocunque</span> <span class='ocrx_word' id='word_1_181' title='bbox 1160 1822 1202 1865; x_wconf 82' lang='lat' dir='ltr'>sit</span> <span class='ocrx_word' id='word_1_182' title='bbox 1237 1835 1408 1865; x_wconf 79' lang='lat' dir='ltr'>numerus</span> <span class='ocrx_word' id='word_1_183' title='bbox 1441 1822 1664 1877; x_wconf 82' lang='lat' dir='ltr'>angulorum</span> <span class='ocrx_word' id='word_1_184' title='bbox 1712 1821 1853 1863; x_wconf 75' lang='lat' dir='ltr'>solido-</span> 
     </span>
     <span class='ocr_line' id='line_1_24' title="bbox 556 1887 1854 1941; baseline -0.002 -12"><span class='ocrx_word' id='word_1_185' title='bbox 556 1901 642 1930; x_wconf 88' lang='lat' dir='ltr'>rum</span> <span class='ocrx_word' id='word_1_186' title='bbox 675 1903 729 1929; x_wconf 74' lang='lat' dir='ltr'>z:</span> <span class='ocrx_word' id='word_1_187' title='bbox 750 1889 776 1930; x_wconf 90' lang='lat' dir='ltr'>S</span> <span class='ocrx_word' id='word_1_188' title='bbox 798 1922 809 1941; x_wconf 90' lang='lat'><strong>‚</strong></span> <span class='ocrx_word' id='word_1_189' title='bbox 843 1889 987 1930; x_wconf 76' lang='lat' dir='ltr'>summa</span> <span class='ocrx_word' id='word_1_190' title='bbox 1021 1899 1144 1929; x_wconf 80' lang='lat' dir='ltr'>autem</span> <span class='ocrx_word' id='word_1_191' title='bbox 1181 1889 1357 1929; x_wconf 79' lang='lat' dir='ltr'>omnium</span> <span class='ocrx_word' id='word_1_192' title='bbox 1394 1888 1617 1939; x_wconf 81' lang='lat' dir='ltr'>angulorum</span> <span class='ocrx_word' id='word_1_193' title='bbox 1654 1887 1854 1941; x_wconf 80' lang='lat' dir='ltr'>planorum</span> 
     </span>
     <span class='ocr_line' id='line_1_25' title="bbox 554 1951 1849 2007; baseline 0 -16"><span class='ocrx_word' id='word_1_194' title='bbox 554 1964 736 2005; x_wconf 79' lang='lat' dir='ltr'>aequetur</span> <span class='ocrx_word' id='word_1_195' title='bbox 787 1955 820 1995; x_wconf 71' lang='grc' dir='ltr'>Κ</span> <span class='ocrx_word' id='word_1_196' title='bbox 853 1954 991 2007; x_wconf 80' lang='lat' dir='ltr'>angulis</span> <span class='ocrx_word' id='word_1_197' title='bbox 1024 1951 1162 2003; x_wconf 61' lang='lat' dir='ltr'>rectis,</span> <span class='ocrx_word' id='word_1_198' title='bbox 1199 1953 1248 1992; x_wconf 86' lang='lat' dir='ltr'>ita</span> <span class='ocrx_word' id='word_1_199' title='bbox 1283 1963 1323 1992; x_wconf 89' lang='lat' dir='ltr'>vt</span> <span class='ocrx_word' id='word_1_200' title='bbox 1357 1952 1603 1992; x_wconf 77' lang='lat' dir='ltr'>demonstrari</span> <span class='ocrx_word' id='word_1_201' title='bbox 1640 1961 1849 2003; x_wconf 73' lang='lat' dir='ltr'>oporteat,</span> 
     </span>
     <span class='ocr_line' id='line_1_26' title="bbox 553 2013 1853 2067; baseline -0.002 -11"><span class='ocrx_word' id='word_1_202' title='bbox 553 2016 625 2056; x_wconf 75' lang='lat' dir='ltr'>ene</span> <span class='ocrx_word' id='word_1_203' title='bbox 661 2018 695 2058; x_wconf 74' lang='lat' dir='ltr'>R</span> <span class='ocrx_word' id='word_1_204' title='bbox 718 2030 770 2056; x_wconf 65' lang='lat' dir='ltr'>:t</span> <span class='ocrx_word' id='word_1_205' title='bbox 792 2016 864 2067; x_wconf 85' lang='lat' dir='ltr'>4S</span> <span class='ocrx_word' id='word_1_206' title='bbox 884 2039 924 2045; x_wconf 84' lang='lat'>—-—</span> <span class='ocrx_word' id='word_1_207' title='bbox 949 2024 985 2058; x_wconf 88' lang='lat'>8.</span> <span class='ocrx_word' id='word_1_208' title='bbox 1026 2015 1106 2055; x_wconf 79' lang='lat' dir='ltr'>Iam</span> <span class='ocrx_word' id='word_1_209' title='bbox 1145 2017 1266 2056; x_wconf 78' lang='lat' dir='ltr'>modo</span> <span class='ocrx_word' id='word_1_210' title='bbox 1300 2026 1383 2056; x_wconf 81' lang='lat' dir='ltr'>ante</span> <span class='ocrx_word' id='word_1_211' title='bbox 1423 2016 1591 2057; x_wconf 80' lang='lat' dir='ltr'>indicato</span> <span class='ocrx_word' id='word_1_212' title='bbox 1629 2013 1853 2056; x_wconf 76' lang='lat' dir='ltr'>abscindatur</span> 
     </span>
     <span class='ocr_line' id='line_1_27' title="bbox 553 2078 1848 2134; baseline -0.002 -13"><span class='ocrx_word' id='word_1_213' title='bbox 553 2092 574 2120; x_wconf 80' lang='lat' dir='ltr'>a</span> <span class='ocrx_word' id='word_1_214' title='bbox 617 2081 737 2121; x_wconf 87' lang='lat' dir='ltr'>solido</span> <span class='ocrx_word' id='word_1_215' title='bbox 778 2092 866 2120; x_wconf 77' lang='lat' dir='ltr'>vnus</span> <span class='ocrx_word' id='word_1_216' title='bbox 914 2082 1064 2134; x_wconf 75' lang='lat' dir='ltr'>angulus</span> <span class='ocrx_word' id='word_1_217' title='bbox 1121 2078 1280 2130; x_wconf 64' lang='lat' dir='ltr'>fluidus,</span> <span class='ocrx_word' id='word_1_218' title='bbox 1323 2090 1364 2121; x_wconf 89' lang='lat' dir='ltr'>vt</span> <span class='ocrx_word' id='word_1_219' title='bbox 1403 2092 1585 2121; x_wconf 84' lang='lat' dir='ltr'>numerus</span> <span class='ocrx_word' id='word_1_220' title='bbox 1627 2078 1848 2132; x_wconf 76' lang='lat' dir='ltr'>angulorum</span> 
     </span>
    </p>
   </div>
   <div class='ocr_carea' id='block_1_8' title="bbox 552 2141 1856 2245">
    <p class='ocr_par' dir='ltr' id='par_1_8' title="bbox 552 2141 1856 2245">
     <span class='ocr_line' id='line_1_28' title="bbox 552 2141 1852 2245; baseline -0.003 -62"><span class='ocrx_word' id='word_1_221' title='bbox 552 2141 791 2197; x_wconf 81' lang='lat' dir='ltr'>solidorum,</span> <span class='ocrx_word' id='word_1_222' title='bbox 823 2157 916 2200; x_wconf 78' lang='lat' dir='ltr'>quos</span> <span class='ocrx_word' id='word_1_223' title='bbox 934 2143 1088 2188; x_wconf 84' lang='lat' dir='ltr'>habebit</span> <span class='ocrx_word' id='word_1_224' title='bbox 1107 2176 1118 2197; x_wconf 81' lang='lat'><em>,</em></span> <span class='ocrx_word' id='word_1_225' title='bbox 1151 2143 1196 2186; x_wconf 81' lang='lat' dir='ltr'>sit</span> <span class='ocrx_word' id='word_1_226' title='bbox 1228 2158 1283 2185; x_wconf 76' lang='lat' dir='ltr'>z:</span> <span class='ocrx_word' id='word_1_227' title='bbox 1301 2143 1329 2190; x_wconf 89' lang='lat' dir='ltr'><strong>S</strong></span> <span class='ocrx_word' id='word_1_228' title='bbox 1349 2168 1374 2176; x_wconf 95' lang='lat'>-</span> <span class='ocrx_word' id='word_1_229' title='bbox 1398 2156 1417 2184; x_wconf 81' lang='grc' dir='ltr'>ι</span> <span class='ocrx_word' id='word_1_230' title='bbox 1442 2178 1453 2199; x_wconf 89' lang='lat'>,</span> <span class='ocrx_word' id='word_1_231' title='bbox 1488 2154 1528 2185; x_wconf 88' lang='lat' dir='ltr'>et</span> <span class='ocrx_word' id='word_1_232' title='bbox 1563 2143 1711 2186; x_wconf 83' lang='lat' dir='ltr'>summa</span> <span class='ocrx_word' id='word_1_233' title='bbox 1728 2151 1852 2245; x_wconf 60' lang='lat' dir='ltr'>inigu-</span> 
     </span>
     <span class='ocr_line' id='line_1_29' title="bbox 1743 2215 1856 2245; baseline -0.009 0"><span class='ocrx_word' id='word_1_234' title='bbox 1743 2215 1856 2245; x_wconf 85' lang='lat' dir='ltr'>orum</span> 
     </span>
    </p>
   </div>
  </div>
 </body>
</html>
