2013 2703
720 176 755 228 l(
792 175 923 229 67)(

160 317 257 348 nom
291 307 483 348 methodo
503 336 512 349 ,
545 303 756 355 liclipslbus
789 304 954 344 fixarum
990 316 1008 343 a
1047 301 1149 342 Luna
1178 303 1339 350 innixa,
1376 300 1487 340 xvsti.»

160 385 268 412 orem
306 373 463 413 reddere
501 370 647 409 studuit.
719 369 795 410 Res
830 371 867 408 in
900 380 949 408 eo
981 366 1175 407 vertitur:
1227 366 1394 419 Echpl‘t»
1451 366 1490 404 ri-

158 449 294 478 xarum
331 451 352 477 a
385 437 491 477 Luna
527 446 604 473 non
641 433 708 473 nisi
739 434 783 474 ad
836 432 1061 474 differentias
1092 433 1373 485 longitudinum
1419 441 1494 469 ter·

156 502 331 542 restrium
366 499 600 541 definiendas
634 498 939 538 abAstronomis
957 496 1143 536 adhibitae
1161 495 1282 536 :ulline
1317 495 1492 548 fitertint3

156 565 316 606 incccffin
347 566 500 619 quidem
536 563 725 614 optimo:
763 574 854 601 nam
889 561 1092 601 certiorem
1121 560 1236 613 longe
1270 560 1366 600 hanc
1388 560 1489 602 tiam

157 631 231 671 effe
255 661 267 681 ,
300 642 413 683 quam
448 639 520 680 qua
555 626 613 665 alii
647 638 715 679 per
746 624 918 678 Eclipses
949 623 1158 664 Satellitum
1214 623 1317 663 Iouis
1366 622 1492 662 obiti·-

157 695 300 735 vandas
332 691 542 740 incedunt,
578 688 661 742 quis
697 688 844 731 nescit?
875 700 915 729 at
959 700 1037 728 non
1074 696 1153 727 tota
1199 689 1361 728 vtilitatc
1403 699 1489 740 per·

151 755 268 810 pensa
289 787 298 805 ‚
340 765 438 807 quae
477 766 533 794 ex
571 753 630 794 his
669 753 990 794 obseruationibus
1024 752 1063 790 in
1106 751 1395 792 Astronomiam
1429 763 1493 791 re-

149 816 316 857 dundare
377 817 518 871 potest.
602 814 795 856 Monstrat
854 815 982 867 itaque
1043 811 1105 855 Cl.
1156 812 1310 853 Auctor
1335 844 1349 863 ‚
1400 814 1492 859 sicut

149 878 357 920 secundum
422 878 655 920 methodum
719 876 1036 935 fimpliciffimam
1084 876 1131 916 ad
1180 876 1490 917 determinandas

151 943 362 985 Parallaxes
395 943 635 985 planetarum
671 943 750 984 duo
779 942 1036 984 obseruator-cs
1055 940 1094 980 in
1127 940 1270 980 duobus
1303 937 1488 979 locissub

152 1009 297 1048 eodem
330 1006 407 1048 fere
442 1007 663 1049 meridiano
695 1007 778 1048 satis
817 1007 935 1060 longe
975 1004 1105 1046 dissitis
1137 1003 1254 1045 locati
1296 1004 1488 1056 requirun-

150 1080 241 1112 tur:
277 1072 328 1110 ita
358 1073 527 1112 eundem
559 1070 682 1112 finem
717 1071 884 1113 obtineri
917 1067 1056 1125 posse,
1088 1067 1116 1108 fi
1144 1068 1188 1108 in
1222 1066 1316 1109 locis
1336 1066 1397 1108 sub
1414 1078 1487 1107 eo-

150 1135 242 1174 dem
276 1134 352 1171 fere
385 1134 566 1185 parallelo
599 1131 805 1170 iacentibus
825 1162 836 1181 ,
870 1133 1025 1183 satisque
1066 1130 1184 1184 longe
1225 1132 1277 1172 ab
1314 1131 1485 1173 inuicem

150 1194 396 1247 distantibus,
428 1194 505 1242 duo
535 1192 792 1234 obseruatores
812 1224 824 1245 ,
859 1204 930 1246 per
961 1192 1132 1246 Eclipses
1163 1193 1335 1236 fixarum
1363 1193 1484 1235 aLu-

150 1273 230 1310 na,
265 1259 507 1299 Parallaxcos
541 1255 678 1296 lunaris
707 1256 962 1309 quantitatem
999 1255 1152 1309 fiaepiusv
1177 1264 1218 1297 'et
1251 1258 1290 1298 in
1332 1257 1486 1299 diuersis

148 1323 297 1364 orbitae
331 1321 468 1362 lunaris
517 1319 670 1373 punCtis
721 1318 939 1371 inuestigare
990 1318 1216 1360 allaborent.
1281 1321 1335 1362 Et
1385 1321 1485 1362 hanc

147 1387 304 1442 quidem
340 1384 572 1426 methodum
605 1381 820 1424 Parallaxin
853 1381 981 1423 Lunae
1021 1383 1276 1435 obseruandi,
1310 1383 1364 1425 ob
1396 1384 1488 1425 lon-

148 1463 236 1505 gam
271 1450 447 1491 locorum
480 1447 810 1501 intercapedinem
852 1447 900 1488 ab
937 1447 1144 1489 occidente
1195 1448 1236 1491 in
1289 1448 1486 1498 orientem

102 1542 108 1548 -
147 1515 188 1556 in
223 1513 394 1567 Imperio
413 1511 565 1554 Ruffico
583 1510 952 1567 comprehensorum
972 1546 983 1565 ,
1017 1512 1190 1567 inprimis
1221 1512 1313 1554 huic
1348 1513 1489 1567 Impe-

148 1579 209 1620 rio
240 1588 372 1631 aptam
408 1588 446 1617 et
473 1577 768 1618 conuenientem
798 1578 884 1618 fore
919 1576 1072 1617 Αυᾶοι·
1104 1577 1246 1619 iudicat
1266 1608 1279 1630 ‚
1313 1578 1422 1631 quia,
1458 1577 1485 1619 fi

148 1653 244 1684 vnus
285 1641 502 1683 obseruator
541 1642 589 1682 rin
641 1642 789 1696 specula
840 1641 1110 1691 Astronomica
1160 1641 1444 1696 Petropolitana
1468 1673 1481 1694 ‚

147 1705 245 1746 alter
279 1707 317 1746 in
351 1715 528 1747 extrema
561 1705 777 1747 Peninsulae
809 1705 1114 1747 Kamtschatkae
1147 1719 1215 1747 ora
1234 1739 1246 1758 ,
1276 1706 1483 1746 constitua-

150 1778 236 1820 tur,
268 1769 476 1811 differentia
508 1771 812 1814 meridianorum
854 1781 905 1809 12
915 1782 937 1819 5
975 1771 1107 1823 gradus
1142 1771 1356 1824 superatura
1404 1769 1448 1809 fit
1469 1801 1481 1821 ,

149 1830 307 1886 ideoque
324 1835 364 1874 in
383 1833 509 1876 Ruffia
530 1832 611 1875 sola'
623 1830 899 1876 obseruationes
919 1833 1051 1888 perfici
1078 1834 1223 1887 possint.
1261 1832 1481 1887 Respexisse

152 1895 396 1938 videturCl.
431 1898 581 1940 Austor
603 1895 660 1939 'ad
687 1898 871 1939 molestias
888 1898 1029 1938 itineris
1066 1898 1262 1952 longinqui
1297 1908 1336 1938 et
1370 1889 1482 1938 valde

151 1957 316 1999 difficilis
333 1957 782 2005 Kamtschatkam-versus
812 1962 1027 2016 suscipiendi
1051 1992 1064 2013 ‚
1093 1964 1184 2003 dum
1206 1960 1479 2015 supelleetilcm

151 2021 488 2066 instrumentorum
509 2021 590 2068 satis
607 2029 822 2078 modicam,
858 2038 897 2067 et
916 2039 1009 2080 quae
1027 2023 1299 2080 Geographiac
1318 2026 1480 2079 Imperii

153 2085 293 2129 Ruffici
326 2087 575 2141 perficiendae
604 2090 714 2133 fimul
733 2092 1028 2132 accommodata
1047 2091 1114 2142 fit,
1158 2091 1356 2144 proponit.
1395 2090 1477 2142 Op·

148 2159 276 2212 mus
307 2160 484 2208 tanturn,
520 2162 563 2195 vt
600 2155 814 2197 obseruator
858 2155 1010 2197 idoneus
1055 2155 1292 2211 reperiatur,
1333 2155 1397 2209 qni
1439 2154 1478 2191 in

778 2231 800 2260 ul
832 2231 858 2259 2
1389 2225 1476 2257 tan·
