2013 2703
706 166 901 230 )(69)(

120 299 308 344 diationes
331 334 342 353 ,
390 297 695 354 fiilgurzitionibus
737 299 838 342 haud
880 297 1095 354 absimiles,
1135 307 1176 344 et
1209 313 1282 358 per
1320 309 1453 350 totum

121 367 274 407 coelum
310 366 341 407 se
363 366 610 407 diffimdentes
630 397 640 416 ,
671 366 797 407 emisit
816 398 827 418 ,
860 366 981 407 donec
1001 366 1154 408 coelum
1189 370 1355 424 Vndique
1381 385 1454 413 nu-

122 430 232 472 bibus
266 441 472 487 tegeretur,
505 442 558 470 ex
591 429 655 469 ista
675 463 684 479 ‚
729 441 772 471 vt
814 431 1017 484 adparuit,
1052 431 1236 474 nubecula
1270 437 1454 488 proueni-

122 497 282 538 entibus.
348 493 551 535 Caeterum
602 495 746 534 nullum
792 495 927 535 iisdem
971 493 1143 535 nostibus
1189 509 1346 540 aurorae
1381 499 1456 541 bo-

124 560 233 600 realis
284 559 500 612 vestigium.
566 557 770 597 obseruata
820 567 976 606 autem,
1017 569 1106 598 cum
1148 561 1282 601 lumen
1322 564 1449 607 radios

124 625 350 674 emitteret,
391 622 580 661 subitanea
626 620 734 660 venti
767 628 808 659 et
855 621 1059 674 temperiei
1108 623 1204 663 aeris
1251 630 1451 683 mutati03

124 700 235 740 quire
279 687 340 727 Cl.
391 684 544 726 Auctor
574 683 738 724 tabulam
760 716 772 735 ,
825 685 940 724 trium
990 685 1141 726 dierum
1177 687 1454 732 obseruationes

125 749 444 802 meteorologicas
492 748 760 789 continentem
780 778 793 800 ‚
827 747 979 789 adiecit.

745 873 811 918 111

284 967 726 1032 obseruationes
780 965 1001 1048 Lipsiae
1063 967 1292 1033 habitae

389 1074 422 1112 a
477 1055 554 1117 G.
611 1051 839 1127 Heinsto.
894 1074 956 1134 p.
1009 1072 1153 1133 477.

127 1199 307 1316 Quae
326 1212 388 1253 sub
407 1213 478 1256 hac
496 1215 706 1270 epigraphe
732 1215 848 1268 vsque
865 1214 914 1256 ad
938 1214 1082 1257 calcem
1111 1216 1219 1259 huius
1244 1219 1455 1265 voluminIS

263 1286 463 1319 occurrunt
495 1280 802 1329 obseruationes,
833 1278 948 1318 titulo
978 1288 1127 1321 tantum
1172 1291 1278 1325 tenus
1311 1286 1453 1328 indica-

122 1349 161 1379 re
197 1336 365 1380 tufficiat.
419 1341 517 1384 Sunt
549 1354 681 1384 autem
715 1341 933 1396 sequentes:

272 1426 289 1452 1
317 1409 342 1471 )
376 1416 545 1472 Eelipses
578 1417 788 1459 satellitum
823 1416 929 1459 Iouis
958 1419 1086 1460 diebus
1132 1426 1190 1463 16
1224 1421 1448 1479 Septembr.

126 1490 144 1518 1
159 1490 185 1518 0
207 1477 392 1521 Octobris
423 1492 460 1522 et
495 1496 553 1534 24
571 1482 802 1524 Decembris
832 1484 921 1524 anni
945 1494 1062 1536 1749
1083 1483 1124 1525 st.
1157 1499 1196 1527 n.
1219 1488 1446 1533 obseruatae.

275 1559 336 1606 2)
370 1557 532 1612 Eclipfis
568 1559 696 1601 Lunae
727 1560 925 1616 partialis,
956 1573 1052 1616 quae
1086 1564 1252 1620 contigit
1284 1565 1346 1607 die
1383 1575 1441 1617 23

119 1615 331 1662 Decembr.
367 1622 410 1662 st.
443 1636 480 1664 n.
512 1636 549 1664 e.
583 1637 616 1665 a.

269 1703 330 1748 3)
363 1700 655 1743 obseruationes
685 1703 1039 1757 meteorologicae‚
1081 1706 1301 1750 maximum
1335 1710 1450 1766 frigus

120 1769 159 1801 et
189 1760 359 1803 calorem
394 1766 612 1807 maximum
634 1798 647 1819 ,
681 1780 777 1821 quae
805 1781 838 1808 a.
862 1777 980 1818 1749
1015 1768 1162 1822 Lipsiae
1195 1770 1367 1827 fuerunt,
1388 1777 1449 1815 in-

121 1824 315 1878 dicantes,
348 1828 414 1868 vbi
456 1842 607 1884 quoque
641 1843 777 1871 aurora
812 1831 974 1872 borealis
1011 1833 1227 1876 describitur
1274 1838 1314 1879 d.
1372 1851 1449 1882 22.

120 1885 270 1940 Septbr.
302 1902 337 1929 e.
371 1905 407 1932 a.
442 1891 593 1947 Lipsiae
627 1904 664 1935 et
699 1896 852 1937 Romae
886 1895 997 1936 fimul
1030 1896 1123 1938 vifit.

268 1964 338 2016 4)
371 1965 595 2011 ObseruatIO
629 1970 788 2025 Eclipfis
819 1969 922 2013 Solis
953 1984 989 2012 a.
1045 1982 1178 2022 1750.
1212 1974 1275 2017 die
1310 1982 1349 2019 8.
1383 1977 1447 2020 Ia-

118 2026 235 2065 nuarii
281 2027 320 2068 st.
367 2041 404 2068 n.
439 2030 593 2083 habita,
626 2046 724 2088 quae
757 2035 946 2076 calculum
985 2037 1191 2093 Manfi'edi
1240 2040 1282 2082 in
1312 2041 1450 2098 Ephe-

108 2090 323 2133 ,men'dibus
360 2104 415 2145 19
446 2093 520 2138 fere
554 2099 707 2141 minutis
738 2100 876 2155 primis
907 2103 1121 2145 anteuertit.

757 2164 830 2217 58
1303 2174 1449 2219 §.Re-
