2013 2703
537 162 1069 208 EXOTICVS
1371 177 1460 221 885

166 280 324 323 orificio
356 282 548 333 rotundo,
599 284 710 338 cuins·
736 284 925 325 diameter
968 285 999 332 1¹⁶
1040 282 1134 337 poll.
1168 284 1220 326 est
1243 314 1254 335 ,
1286 286 1326 326 in
1377 294 1464 327 cute

166 346 260 387 hiat.
297 346 488 387 Foramen
520 347 697 399 singulare
728 361 802 402 pro
852 350 981 388 vrinae
1034 348 1139 388 fluxu
1178 382 1188 401 ‚
1241 348 1330 390 licet
1377 349 1460 390 dili<

165 421 299 464 genter
326 411 604 466 perquisiuerim
625 443 636 463 ,
671 413 835 465 reperire
870 424 945 453 nou
977 413 1098 465 potui.

317 512 448 554 Cauda
483 515 643 568 superius
675 527 726 554 ex
759 516 917 556 cinereo
950 515 1058 554 ferrei
1090 516 1230 557 coloris
1271 518 1325 559 est
1345 552 1356 571 ,
1398 522 1459 562 in-

165 579 308 630 ferius,
345 579 516 631 inprimis
547 579 587 618 in
622 579 845 632 principio,
888 579 1024 617 carnei.
1063 580 1365 622 Rotundiuscula
1413 584 1459 625 ab

165 645 277 683 initio
311 650 350 680 et
382 642 492 680 craffa
513 672 523 691 ,
574 640 790 695 ibidemque
824 641 966 682 circulo
1009 642 1174 695 pilorum
1208 643 1359 685 obscure
1398 646 1459 687 fu-

161 707 308 746 scorum
340 710 370 751 3³⁶
395 704 487 757 poll.
525 704 743 757 longorum,
764 707 963 759 pinguium
985 738 995 756 ‚
1014 706 1138 746 cineta
1159 739 1168 758 ,
1189 710 1307 748 tenuis
1325 719 1363 749 et
1382 710 1458 751 lata

164 770 296 811 stasim
331 769 487 819 euadit,
526 779 564 807 et
605 770 643 808 in
678 779 833 810 tenuem
867 771 1020 822 apicem
1063 770 1207 812 definit.
1243 772 1288 812 ln
1322 774 1457 814 medio

161 834 378 874 maximam
420 832 659 873 latitudinem
700 832 829 874 habet.
897 833 1018 873 Partis
1070 835 1167 874 latae
1221 848 1310 876 orae
1360 837 1455 876 scin-

160 897 290 937 dentes
321 899 398 935 fere
431 895 513 935 sunt
535 925 544 937 ,
579 906 617 936 et
649 906 853 951 Vtrumque
885 896 978 937 latus
1008 899 1048 936 in
1083 898 1215 939 medio
1234 912 1302 952 per
1327 909 1453 941 totam

158 960 439 1011 longitudinem
474 961 514 998 iu
547 960 666 1000 aciem
700 962 888 1015 quandam
921 961 1112 1013 eleuatnr,
1147 963 1259 1003 instar
1284 964 1454 1017 ancipitis

160 1025 306 1076 gladii,
341 1024 441 1063 cuius
471 1022 633 1076 figuram
670 1034 752 1064 tota
792 1025 932 1064 caudae
984 1025 1055 1064 lata
1108 1036 1146 1065 et
1198 1028 1318 1067 tenuis
1366 1039 1454 1079 pars

160 1087 287 1126 refert.
354 1086 492 1127 Latera
544 1087 658 1138 partis
707 1087 804 1126 litae
838 1097 916 1125 non
966 1086 1283 1141 horizontalem,
1334 1099 1379 1129 vt
1412 1091 1453 1130 in

159 1150 303 1191 castore
334 1183 344 1201 ,
393 1149 456 1190 sed
512 1150 733 1190 verticalem
786 1149 894 1189 fitum
942 1149 1093 1190 habent.
1180 1151 1286 1192 Tota
1335 1154 1451 1195 cauda

158 1213 352 1267 squamosa
383 1214 446 1253 est.
481 1210 671 1264 Squamae
708 1225 804 1265 aqua
848 1213 974 1266 tepida
1024 1214 1131 1255 facile
1183 1215 1394 1257 secedentes
1432 1243 1445 1267 ‚

158 1277 298 1328 figurae
331 1277 445 1316 oualts
474 1277 557 1315 sunt
578 1308 587 1326 ,
623 1277 670 1316 ab
704 1277 811 1315 initio
850 1277 990 1317 caudae
1042 1279 1231 1330 maiores,
1284 1290 1325 1320 et
1375 1293 1450 1334 pro

158 1342 329 1380 distantia
363 1340 411 1379 ab
445 1351 486 1379 ea
521 1340 691 1379 minores
711 1373 722 1391 ,
764 1339 928 1394 longiori
964 1352 1066 1394 parte
1101 1343 1333 1383 transuerfim
1367 1344 1447 1384 fita.

157 1403 332 1445 Dimidia
368 1413 517 1444 tantum
554 1416 640 1456 pars
673 1404 845 1455 eminet,
882 1405 1022 1457 reliqua
1042 1405 1085 1445 ab
1104 1405 1254 1446 alterius
1273 1407 1449 1460 squamae

156 1468 314 1508 dimidia
347 1477 451 1521 parte
483 1468 633 1520 tegitur.
699 1467 817 1509 Series
850 1466 1087 1520 squamarum
1121 1471 1172 1510 ita
1206 1469 1272 1510 fibi
1324 1470 1450 1511 succe·

156 1531 249 1570 dunt
270 1563 280 1580 ,
314 1536 357 1570 v't
394 1532 554 1582 singulae
589 1531 767 1584 sequentis
797 1532 898 1571 seriei
932 1532 1051 1585 spatio
1082 1534 1212 1573 medio
1231 1534 1329 1574 inter
1355 1536 1448 1576 duas

156 1595 425 1646 praecedentes
455 1595 718 1646 relpondeant.
785 1593 863 1634 Sub
895 1596 1042 1649 singulis
1070 1596 1232 1650 squamis
1271 1610 1294 1635 2
1332 1598 1394 1637 vel
1415 1609 1438 1645 3

155 1657 248 1697 setssie
291 1657 510 1709 prodeunt,
551 1664 583 1705 ξ,
629 1658 721 1710 poll.
772 1659 938 1710 longae,
990 1672 1039 1699 ex
1076 1661 1177 1700 luteo
1210 1660 1442 1714 albicantes,

154 1722 285 1774 quibus
319 1723 439 1773 itaque
473 1732 550 1761 tota
584 1723 697 1762 cauda
730 1723 828 1763 hirta
863 1723 929 1762 cst.
965 1721 1091 1764 cauda
1126 1724 1179 1764 est
1216 1737 1299 1777 pars
1335 1725 1444 1766 huius

153 1787 272 1825 muris
292 1817 302 1835 ‚
336 1797 428 1838 quae
462 1785 635 1825 omnium
671 1787 844 1828 maxime
880 1786 1085 1827 moschum
1120 1788 1284 1828 redolet.

303 1887 540 1929 Internarum
577 1891 743 1944 partium
778 1891 1037 1932 conformatio
1069 1892 1118 1932 ita
1154 1891 1188 1931 se
1234 1891 1351 1932 habet
1380 1907 1391 1932 z

217 1961 450 2002 Pulmouum
470 1970 623 2013 quatuor
642 1963 806 2005 maiores
825 1963 908 2005 lobi
926 1997 937 2017 ‚
956 1974 993 2004 et
1011 1963 1152 2017 aliquot
1171 1964 1349 2005 minores.

218 2032 351 2086 Hepar
418 2032 536 2073 latum
584 2063 594 2082 ‚
663 2043 772 2075 tenue
816 2070 827 2090 ‚
878 2035 1021 2090 figurae
1070 2037 1298 2091 trapezoidis
1336 2070 1347 2090 ‚
1399 2039 1440 2078 in

158 2096 323 2152 quinque
373 2095 483 2137 lobos
533 2096 695 2137 maiores
744 2108 782 2141 et
831 2101 974 2155 aliquot
1044 2104 1212 2146 minores
1280 2100 1436 2143 sedtum.

216 2169 340 2211 Tom.
374 2167 445 2210 IV.
482 2168 588 2212 Nou.
624 2165 742 2212 Com.
878 2172 989 2217 Ccc
1359 2171 1440 2211 Ve-
