<?xml version="1.0" encoding="UTF-8"?>
<!DOCTYPE html PUBLIC "-//W3C//DTD XHTML 1.0 Transitional//EN"
    "http://www.w3.org/TR/xhtml1/DTD/xhtml1-transitional.dtd">
<html xmlns="http://www.w3.org/1999/xhtml" xml:lang="en" lang="en">
 <head>
  <title>
</title>
<meta http-equiv="Content-Type" content="text/html;charset=utf-8" />
  <meta name='ocr-system' content='tesseract 3.04.00' />
  <meta name='ocr-capabilities' content='ocr_page ocr_carea ocr_par ocr_line ocrx_word'/>
</head>
<body>
  <div class='ocr_page' id='page_1' title='image "./novicommentariac04impe_0212.png"; bbox 0 0 2013 2703; ppageno 0'>
   <div class='ocr_carea' id='block_1_1' title="bbox 580 171 1662 234">
    <p class='ocr_par' dir='ltr' id='par_1_1' title="bbox 580 171 1662 234">
     <span class='ocr_line' id='line_1_1' title="bbox 580 171 1662 234; baseline -0.004 -12"><span class='ocrx_word' id='word_1_1' title='bbox 580 193 670 234; x_wconf 76' lang='lat'>142</span> <span class='ocrx_word' id='word_1_2' title='bbox 827 171 1662 222; x_wconf 74' lang='lat' dir='ltr'><strong><em>DEMONSTRATlo</em></strong></span> 
     </span>
    </p>
   </div>
   <div class='ocr_carea' id='block_1_2' title="bbox 576 302 1894 2204">
    <p class='ocr_par' dir='ltr' id='par_1_2' title="bbox 576 302 1871 366">
     <span class='ocr_line' id='line_1_2' title="bbox 576 302 1871 366; baseline -0.005 -14"><span class='ocrx_word' id='word_1_3' title='bbox 576 313 698 366; x_wconf 84' lang='lat' dir='ltr'>plures</span> <span class='ocrx_word' id='word_1_4' title='bbox 723 309 811 348; x_wconf 77' lang='lat' dir='ltr'>alias</span> <span class='ocrx_word' id='word_1_5' title='bbox 842 307 880 344; x_wconf 87' lang='lat' dir='ltr'>in</span> <span class='ocrx_word' id='word_1_6' title='bbox 899 303 934 343; x_wconf 91' lang='lat' dir='ltr'>se</span> <span class='ocrx_word' id='word_1_7' title='bbox 953 303 1226 357; x_wconf 68' lang='lat' dir='ltr'>compleffltur</span> <span class='ocrx_word' id='word_1_8' title='bbox 1245 336 1255 354; x_wconf 86' lang='lat'>,</span> <span class='ocrx_word' id='word_1_9' title='bbox 1275 302 1344 343; x_wconf 72' lang='lat' dir='ltr'>hac</span> <span class='ocrx_word' id='word_1_10' title='bbox 1363 305 1574 344; x_wconf 81' lang='lat' dir='ltr'>continetur</span> <span class='ocrx_word' id='word_1_11' title='bbox 1594 305 1845 358; x_wconf 77' lang='lat' dir='ltr'>propositione</span> <span class='ocrx_word' id='word_1_12' title='bbox 1864 321 1871 345; x_wconf 73' lang='grc' dir='ltr'><em>τ</em></span> 
     </span>
    </p>

    <p class='ocr_par' dir='ltr' id='par_1_3' title="bbox 577 365 1877 541">
     <span class='ocr_line' id='line_1_3' title="bbox 697 365 1873 422; baseline -0.003 -10"><span class='ocrx_word' id='word_1_13' title='bbox 697 373 745 413; x_wconf 86' lang='lat' dir='ltr'>In</span> <span class='ocrx_word' id='word_1_14' title='bbox 780 371 873 409; x_wconf 80' lang='lat' dir='ltr'>omni</span> <span class='ocrx_word' id='word_1_15' title='bbox 895 365 1016 421; x_wconf 76' lang='lat' dir='ltr'>Jblido</span> <span class='ocrx_word' id='word_1_16' title='bbox 1045 367 1174 408; x_wconf 79' lang='lat' dir='ltr'>hedris</span> <span class='ocrx_word' id='word_1_17' title='bbox 1198 367 1326 421; x_wconf 74' lang='lat' dir='ltr'>planis</span> <span class='ocrx_word' id='word_1_18' title='bbox 1356 365 1482 420; x_wconf 65' lang='lat' dir='ltr'>inclrfi)</span> <span class='ocrx_word' id='word_1_19' title='bbox 1514 381 1684 409; x_wconf 74' lang='lat' dir='ltr'>numerus</span> <span class='ocrx_word' id='word_1_20' title='bbox 1728 370 1873 422; x_wconf 55' lang='lat' dir='ltr'>angulo—</span> 
     </span>
     <span class='ocr_line' id='line_1_4' title="bbox 577 429 1877 487; baseline -0.003 -10"><span class='ocrx_word' id='word_1_21' title='bbox 577 447 663 477; x_wconf 83' lang='lat' dir='ltr'>rum</span> <span class='ocrx_word' id='word_1_22' title='bbox 688 433 889 487; x_wconf 70' lang='lat' dir='ltr'>Jblidormn</span> <span class='ocrx_word' id='word_1_23' title='bbox 925 444 1006 472; x_wconf 84' lang='lat' dir='ltr'>vna</span> <span class='ocrx_word' id='word_1_24' title='bbox 1037 444 1119 472; x_wconf 87' lang='lat' dir='ltr'>cum</span> <span class='ocrx_word' id='word_1_25' title='bbox 1152 443 1302 472; x_wconf 79' lang='lat' dir='ltr'>numero</span> <span class='ocrx_word' id='word_1_26' title='bbox 1331 429 1535 473; x_wconf 63' lang='lat' dir='ltr'>hem-arum</span> <span class='ocrx_word' id='word_1_27' title='bbox 1561 432 1702 472; x_wconf 78' lang='lat' dir='ltr'>binario</span> <span class='ocrx_word' id='word_1_28' title='bbox 1723 430 1877 487; x_wconf 69' lang='lat' dir='ltr'>Jizperat</span> 
     </span>
     <span class='ocr_line' id='line_1_5' title="bbox 578 507 971 541; baseline -0.013 -1"><span class='ocrx_word' id='word_1_29' title='bbox 578 510 764 541; x_wconf 75' lang='lat' dir='ltr'>numerum</span> <span class='ocrx_word' id='word_1_30' title='bbox 795 507 971 537; x_wconf 76' lang='lat' dir='ltr'>aeterum.</span> 
     </span>
    </p>

    <p class='ocr_par' dir='ltr' id='par_1_4' title="bbox 578 559 1876 731">
     <span class='ocr_line' id='line_1_6' title="bbox 695 559 1876 612; baseline -0.003 -10"><span class='ocrx_word' id='word_1_31' title='bbox 695 563 796 603; x_wconf 85' lang='lat' dir='ltr'>Hinc</span> <span class='ocrx_word' id='word_1_32' title='bbox 832 560 946 600; x_wconf 77' lang='lat' dir='ltr'>aliam</span> <span class='ocrx_word' id='word_1_33' title='bbox 981 559 1143 599; x_wconf 75' lang='lat' dir='ltr'>deriuaui</span> <span class='ocrx_word' id='word_1_34' title='bbox 1186 570 1265 598; x_wconf 90' lang='lat' dir='ltr'>non</span> <span class='ocrx_word' id='word_1_35' title='bbox 1309 560 1436 600; x_wconf 85' lang='lat' dir='ltr'>minus</span> <span class='ocrx_word' id='word_1_36' title='bbox 1476 559 1657 612; x_wconf 73' lang='lat' dir='ltr'>insignem</span> <span class='ocrx_word' id='word_1_37' title='bbox 1705 559 1876 612; x_wconf 83' lang='lat' dir='ltr'>proprie-</span> 
     </span>
     <span class='ocr_line' id='line_1_7' title="bbox 578 622 1875 676; baseline -0.004 -9"><span class='ocrx_word' id='word_1_38' title='bbox 578 635 698 667; x_wconf 88' lang='lat' dir='ltr'>tatem</span> <span class='ocrx_word' id='word_1_39' title='bbox 732 625 909 665; x_wconf 86' lang='lat' dir='ltr'>omnibus</span> <span class='ocrx_word' id='word_1_40' title='bbox 941 624 1048 664; x_wconf 84' lang='lat' dir='ltr'>huius</span> <span class='ocrx_word' id='word_1_41' title='bbox 1083 624 1226 676; x_wconf 80' lang='lat' dir='ltr'>generis</span> <span class='ocrx_word' id='word_1_42' title='bbox 1269 622 1387 662; x_wconf 76' lang='lat' dir='ltr'>solidis</span> <span class='ocrx_word' id='word_1_43' title='bbox 1426 634 1678 663; x_wconf 81' lang='lat' dir='ltr'>communem</span> <span class='ocrx_word' id='word_1_44' title='bbox 1719 655 1729 674; x_wconf 81' lang='lat'>,</span> <span class='ocrx_word' id='word_1_45' title='bbox 1782 635 1875 676; x_wconf 77' lang='lat' dir='ltr'>quae</span> 
     </span>
     <span class='ocr_line' id='line_1_8' title="bbox 580 688 885 731; baseline -0.013 0"><span class='ocrx_word' id='word_1_46' title='bbox 580 691 631 731; x_wconf 83' lang='lat' dir='ltr'>ita</span> <span class='ocrx_word' id='word_1_47' title='bbox 666 692 701 730; x_wconf 90' lang='lat' dir='ltr'>se</span> <span class='ocrx_word' id='word_1_48' title='bbox 743 688 885 729; x_wconf 72' lang='lat' dir='ltr'>habet:</span> 
     </span>
    </p>

    <p class='ocr_par' dir='ltr' id='par_1_5' title="bbox 580 747 1880 987">
     <span class='ocr_line' id='line_1_9' title="bbox 698 747 1877 805; baseline -0.002 -12"><span class='ocrx_word' id='word_1_49' title='bbox 698 753 747 794; x_wconf 89' lang='lat' dir='ltr'>In</span> <span class='ocrx_word' id='word_1_50' title='bbox 790 753 884 793; x_wconf 87' lang='lat' dir='ltr'>omni</span> <span class='ocrx_word' id='word_1_51' title='bbox 905 747 1020 804; x_wconf 83' lang='lat' dir='ltr'>solido</span> <span class='ocrx_word' id='word_1_52' title='bbox 1058 750 1185 792; x_wconf 74' lang='lat' dir='ltr'>hedris</span> <span class='ocrx_word' id='word_1_53' title='bbox 1221 750 1345 805; x_wconf 83' lang='lat' dir='ltr'>planis</span> <span class='ocrx_word' id='word_1_54' title='bbox 1386 747 1512 804; x_wconf 55' lang='lat' dir='ltr'>incluso</span> <span class='ocrx_word' id='word_1_55' title='bbox 1542 747 1691 803; x_wconf 79' lang='lat' dir='ltr'>summa</span> <span class='ocrx_word' id='word_1_56' title='bbox 1727 753 1877 791; x_wconf 77' lang='lat' dir='ltr'>omnium</span> 
     </span>
     <span class='ocr_line' id='line_1_10' title="bbox 581 812 1877 870; baseline -0.005 -12"><span class='ocrx_word' id='word_1_57' title='bbox 581 816 804 870; x_wconf 83' lang='lat' dir='ltr'>angulorum</span> <span class='ocrx_word' id='word_1_58' title='bbox 846 815 1038 870; x_wconf 77' lang='lat' dir='ltr'>planorum</span> <span class='ocrx_word' id='word_1_59' title='bbox 1063 848 1073 866; x_wconf 87' lang='lat'>‚</span> <span class='ocrx_word' id='word_1_60' title='bbox 1107 816 1240 869; x_wconf 81' lang='lat' dir='ltr'>quihus</span> <span class='ocrx_word' id='word_1_61' title='bbox 1273 814 1398 866; x_wconf 77' lang='lat' dir='ltr'>anguli</span> <span class='ocrx_word' id='word_1_62' title='bbox 1429 812 1545 866; x_wconf 70' lang='lat' dir='ltr'>solidi</span> <span class='ocrx_word' id='word_1_63' title='bbox 1597 815 1848 869; x_wconf 72' lang='lat' dir='ltr'>corylitmmtm·</span> <span class='ocrx_word' id='word_1_64' title='bbox 1867 846 1877 864; x_wconf 79' lang='lat'>‚</span> 
     </span>
     <span class='ocr_line' id='line_1_11' title="bbox 580 873 1880 934; baseline -0.004 -14"><span class='ocrx_word' id='word_1_65' title='bbox 580 880 749 934; x_wconf 81' lang='lat' dir='ltr'>aequalis</span> <span class='ocrx_word' id='word_1_66' title='bbox 784 879 831 932; x_wconf 74' lang='lat' dir='ltr'>est</span> <span class='ocrx_word' id='word_1_67' title='bbox 865 885 999 932; x_wconf 82' lang='lat' dir='ltr'>quater</span> <span class='ocrx_word' id='word_1_68' title='bbox 1032 885 1086 919; x_wconf 87' lang='lat' dir='ltr'>tot</span> <span class='ocrx_word' id='word_1_69' title='bbox 1121 877 1265 932; x_wconf 75' lang='lat' dir='ltr'>angulzs</span> <span class='ocrx_word' id='word_1_70' title='bbox 1295 875 1412 917; x_wconf 71' lang='lat' dir='ltr'>reHis</span> <span class='ocrx_word' id='word_1_71' title='bbox 1433 909 1443 928; x_wconf 82' lang='lat'>‚</span> <span class='ocrx_word' id='word_1_72' title='bbox 1478 884 1562 930; x_wconf 81' lang='lat' dir='ltr'>quot</span> <span class='ocrx_word' id='word_1_73' title='bbox 1582 875 1669 929; x_wconf 71' lang='lat' dir='ltr'>Jimt</span> <span class='ocrx_word' id='word_1_74' title='bbox 1690 873 1880 930; x_wconf 76' lang='lat' dir='ltr'>angulifh-</span> 
     </span>
     <span class='ocr_line' id='line_1_12' title="bbox 580 942 933 987; baseline -0.014 0"><span class='ocrx_word' id='word_1_75' title='bbox 580 942 645 987; x_wconf 67' lang='lat' dir='ltr'>lida·</span> <span class='ocrx_word' id='word_1_76' title='bbox 680 943 813 984; x_wconf 74' lang='lat' dir='ltr'>demtis</span> <span class='ocrx_word' id='word_1_77' title='bbox 845 942 933 982; x_wconf 68' lang='lat'><em>01:20.</em></span> 
     </span>
    </p>

    <p class='ocr_par' dir='ltr' id='par_1_6' title="bbox 581 1002 1884 1316">
     <span class='ocr_line' id='line_1_13' title="bbox 698 1002 1882 1060; baseline -0.005 -13"><span class='ocrx_word' id='word_1_78' title='bbox 698 1007 878 1060; x_wconf 73' lang='lat' dir='ltr'>Haecque</span> <span class='ocrx_word' id='word_1_79' title='bbox 914 1006 1126 1059; x_wconf 77' lang='lat' dir='ltr'>propositio</span> <span class='ocrx_word' id='word_1_80' title='bbox 1159 1005 1210 1044; x_wconf 86' lang='lat' dir='ltr'>ita</span> <span class='ocrx_word' id='word_1_81' title='bbox 1245 1017 1331 1043; x_wconf 92' lang='lat' dir='ltr'>cum</span> <span class='ocrx_word' id='word_1_82' title='bbox 1354 1004 1598 1055; x_wconf 77' lang='lat' dir='ltr'>praecedente</span> <span class='ocrx_word' id='word_1_83' title='bbox 1618 1002 1808 1053; x_wconf 69' lang='lat' dir='ltr'>cohaeret,</span> <span class='ocrx_word' id='word_1_84' title='bbox 1840 1014 1882 1042; x_wconf 83' lang='lat' dir='ltr'>vt</span> 
     </span>
     <span class='ocr_line' id='line_1_14' title="bbox 583 1065 1883 1119; baseline -0.005 -7"><span class='ocrx_word' id='word_1_85' title='bbox 583 1073 610 1114; x_wconf 86' lang='lat' dir='ltr'>fi</span> <span class='ocrx_word' id='word_1_86' title='bbox 644 1070 760 1111; x_wconf 83' lang='lat' dir='ltr'>altera</span> <span class='ocrx_word' id='word_1_87' title='bbox 795 1069 1044 1108; x_wconf 77' lang='lat' dir='ltr'>demonstrari</span> <span class='ocrx_word' id='word_1_88' title='bbox 1079 1066 1202 1119; x_wconf 83' lang='lat' dir='ltr'>poffet</span> <span class='ocrx_word' id='word_1_89' title='bbox 1223 1099 1233 1117; x_wconf 85' lang='lat'>,</span> <span class='ocrx_word' id='word_1_90' title='bbox 1269 1066 1380 1105; x_wconf 89' lang='lat' dir='ltr'>fimul</span> <span class='ocrx_word' id='word_1_91' title='bbox 1422 1066 1569 1105; x_wconf 81' lang='lat' dir='ltr'>alterius</span> <span class='ocrx_word' id='word_1_92' title='bbox 1607 1065 1883 1106; x_wconf 75' lang='lat' dir='ltr'>demonstratio</span> 
     </span>
     <span class='ocr_line' id='line_1_15' title="bbox 584 1128 1883 1184; baseline -0.005 -10"><span class='ocrx_word' id='word_1_93' title='bbox 584 1134 788 1175; x_wconf 84' lang='lat' dir='ltr'>haberetur</span> <span class='ocrx_word' id='word_1_94' title='bbox 810 1144 821 1184; x_wconf 78' lang='lat'>3</span> <span class='ocrx_word' id='word_1_95' title='bbox 842 1131 946 1170; x_wconf 84' lang='lat' dir='ltr'>vnde</span> <span class='ocrx_word' id='word_1_96' title='bbox 964 1129 1126 1170; x_wconf 63' lang='lat' dir='ltr'>defectus</span> <span class='ocrx_word' id='word_1_97' title='bbox 1153 1129 1433 1170; x_wconf 88' lang='lat' dir='ltr'>elementorum</span> <span class='ocrx_word' id='word_1_98' title='bbox 1454 1128 1769 1180; x_wconf 72' lang='lat' dir='ltr'>Stcreometriae,</span> <span class='ocrx_word' id='word_1_99' title='bbox 1791 1141 1883 1182; x_wconf 81' lang='lat' dir='ltr'>quae</span> 
     </span>
     <span class='ocr_line' id='line_1_16' title="bbox 581 1193 1884 1248; baseline -0.003 -11"><span class='ocrx_word' id='word_1_100' title='bbox 581 1197 622 1238; x_wconf 89' lang='lat' dir='ltr'>in</span> <span class='ocrx_word' id='word_1_101' title='bbox 659 1195 830 1236; x_wconf 89' lang='lat' dir='ltr'>medium</span> <span class='ocrx_word' id='word_1_102' title='bbox 864 1194 1035 1248; x_wconf 89' lang='lat' dir='ltr'>protuli,</span> <span class='ocrx_word' id='word_1_103' title='bbox 1069 1193 1328 1247; x_wconf 88' lang='lat' dir='ltr'>supplebitur,</span> <span class='ocrx_word' id='word_1_104' title='bbox 1365 1193 1390 1233; x_wconf 84' lang='lat' dir='ltr'>fi</span> <span class='ocrx_word' id='word_1_105' title='bbox 1426 1193 1561 1234; x_wconf 84' lang='lat' dir='ltr'>harum</span> <span class='ocrx_word' id='word_1_106' title='bbox 1602 1194 1760 1234; x_wconf 83' lang='lat' dir='ltr'>duarum</span> <span class='ocrx_word' id='word_1_107' title='bbox 1793 1205 1884 1248; x_wconf 86' lang='lat' dir='ltr'>pto-</span> 
     </span>
     <span class='ocr_line' id='line_1_17' title="bbox 586 1257 1629 1316; baseline -0.005 -15"><span class='ocrx_word' id='word_1_108' title='bbox 586 1260 818 1316; x_wconf 84' lang='lat' dir='ltr'>pofitionum</span> <span class='ocrx_word' id='word_1_109' title='bbox 855 1258 1064 1298; x_wconf 81' lang='lat' dir='ltr'>alterutrius</span> <span class='ocrx_word' id='word_1_110' title='bbox 1102 1257 1371 1296; x_wconf 83' lang='lat' dir='ltr'>demonstratio</span> <span class='ocrx_word' id='word_1_111' title='bbox 1412 1259 1629 1310; x_wconf 87' lang='lat' dir='ltr'>reperietur.</span> 
     </span>
    </p>

    <p class='ocr_par' dir='ltr' id='par_1_7' title="bbox 587 1320 1894 2204">
     <span class='ocr_line' id='line_1_18' title="bbox 706 1320 1884 1373; baseline 0 -12"><span class='ocrx_word' id='word_1_112' title='bbox 706 1320 811 1361; x_wconf 90' lang='lat' dir='ltr'>Cum</span> <span class='ocrx_word' id='word_1_113' title='bbox 842 1331 970 1360; x_wconf 73' lang='lat' dir='ltr'>autem</span> <span class='ocrx_word' id='word_1_114' title='bbox 1006 1320 1081 1360; x_wconf 82' lang='lat' dir='ltr'>hoc</span> <span class='ocrx_word' id='word_1_115' title='bbox 1114 1329 1381 1372; x_wconf 79' lang='lat' dir='ltr'>argumentum</span> <span class='ocrx_word' id='word_1_116' title='bbox 1424 1321 1549 1360; x_wconf 90' lang='lat' dir='ltr'>denuo</span> <span class='ocrx_word' id='word_1_117' title='bbox 1589 1321 1884 1373; x_wconf 83' lang='lat' dir='ltr'>perpendisscm‚</span> 
     </span>
     <span class='ocr_line' id='line_1_19' title="bbox 587 1383 1884 1437; baseline -0.002 -10"><span class='ocrx_word' id='word_1_118' title='bbox 587 1385 810 1428; x_wconf 68' lang='lat' dir='ltr'>desideratas</span> <span class='ocrx_word' id='word_1_119' title='bbox 841 1383 974 1424; x_wconf 85' lang='lat' dir='ltr'>harum</span> <span class='ocrx_word' id='word_1_120' title='bbox 1009 1383 1313 1437; x_wconf 75' lang='lat' dir='ltr'>propositionum</span> <span class='ocrx_word' id='word_1_121' title='bbox 1348 1383 1689 1422; x_wconf 73' lang='lat' dir='ltr'>demonstrationes</span> <span class='ocrx_word' id='word_1_122' title='bbox 1730 1386 1884 1424; x_wconf 74' lang='lat' dir='ltr'>tandem</span> 
     </span>
     <span class='ocr_line' id='line_1_20' title="bbox 588 1445 1882 1501; baseline -0.003 -11"><span class='ocrx_word' id='word_1_123' title='bbox 588 1450 672 1491; x_wconf 92' lang='lat' dir='ltr'>sum</span> <span class='ocrx_word' id='word_1_124' title='bbox 703 1449 857 1501; x_wconf 77' lang='lat' dir='ltr'>adeptus</span> <span class='ocrx_word' id='word_1_125' title='bbox 879 1480 888 1498; x_wconf 85' lang='lat'>‚</span> <span class='ocrx_word' id='word_1_126' title='bbox 924 1449 967 1488; x_wconf 81' lang='lat' dir='ltr'>ad</span> <span class='ocrx_word' id='word_1_127' title='bbox 1001 1459 1092 1501; x_wconf 84' lang='lat' dir='ltr'>quas</span> <span class='ocrx_word' id='word_1_128' title='bbox 1123 1447 1233 1487; x_wconf 73' lang='lat' dir='ltr'>simili</span> <span class='ocrx_word' id='word_1_129' title='bbox 1264 1445 1339 1485; x_wconf 82' lang='lat' dir='ltr'>sere</span> <span class='ocrx_word' id='word_1_130' title='bbox 1374 1447 1496 1485; x_wconf 81' lang='lat' dir='ltr'>modo</span> <span class='ocrx_word' id='word_1_131' title='bbox 1528 1447 1682 1499; x_wconf 81' lang='lat' dir='ltr'>pern-:ni</span> <span class='ocrx_word' id='word_1_132' title='bbox 1705 1479 1714 1494; x_wconf 79' lang='grc'><em>,</em></span> <span class='ocrx_word' id='word_1_133' title='bbox 1747 1449 1882 1499; x_wconf 76' lang='lat' dir='ltr'>quoin</span> 
     </span>
     <span class='ocr_line' id='line_1_21' title="bbox 591 1508 1883 1565; baseline -0.005 -11"><span class='ocrx_word' id='word_1_134' title='bbox 591 1510 819 1554; x_wconf 86' lang='lat' dir='ltr'>Geometria</span> <span class='ocrx_word' id='word_1_135' title='bbox 853 1512 1064 1565; x_wconf 75' lang='lat' dir='ltr'>propositio</span> <span class='ocrx_word' id='word_1_136' title='bbox 1096 1511 1251 1563; x_wconf 77' lang='lat' dir='ltr'>analoga</span> <span class='ocrx_word' id='word_1_137' title='bbox 1285 1509 1332 1548; x_wconf 93' lang='lat' dir='ltr'>de</span> <span class='ocrx_word' id='word_1_138' title='bbox 1367 1508 1510 1549; x_wconf 85' lang='lat' dir='ltr'>summa</span> <span class='ocrx_word' id='word_1_139' title='bbox 1548 1510 1770 1563; x_wconf 77' lang='lat' dir='ltr'>angulorum</span> <span class='ocrx_word' id='word_1_140' title='bbox 1792 1510 1883 1562; x_wconf 83' lang='lat' dir='ltr'>figu-</span> 
     </span>
     <span class='ocr_line' id='line_1_22' title="bbox 592 1572 1887 1628; baseline -0.003 -11"><span class='ocrx_word' id='word_1_141' title='bbox 592 1590 656 1618; x_wconf 79' lang='lat' dir='ltr'>rae</span> <span class='ocrx_word' id='word_1_142' title='bbox 702 1575 860 1616; x_wconf 75' lang='lat' dir='ltr'>cuiusuis</span> <span class='ocrx_word' id='word_1_143' title='bbox 897 1575 1110 1615; x_wconf 64' lang='lat' dir='ltr'>rectilineae</span> <span class='ocrx_word' id='word_1_144' title='bbox 1154 1573 1404 1614; x_wconf 77' lang='lat' dir='ltr'>demonstrari</span> <span class='ocrx_word' id='word_1_145' title='bbox 1448 1572 1547 1613; x_wconf 82' lang='lat' dir='ltr'>solet.</span> <span class='ocrx_word' id='word_1_146' title='bbox 1620 1574 1887 1628; x_wconf 72' lang='lat' dir='ltr'>Quemadmo-</span> 
     </span>
     <span class='ocr_line' id='line_1_23' title="bbox 594 1636 1885 1690; baseline -0.002 -10"><span class='ocrx_word' id='word_1_147' title='bbox 594 1641 687 1681; x_wconf 89' lang='lat' dir='ltr'>dum</span> <span class='ocrx_word' id='word_1_148' title='bbox 721 1641 827 1680; x_wconf 91' lang='lat' dir='ltr'>enim</span> <span class='ocrx_word' id='word_1_149' title='bbox 865 1639 903 1678; x_wconf 91' lang='lat' dir='ltr'>in</span> <span class='ocrx_word' id='word_1_150' title='bbox 939 1636 1164 1679; x_wconf 80' lang='lat' dir='ltr'>Geometria</span> <span class='ocrx_word' id='word_1_151' title='bbox 1199 1638 1314 1690; x_wconf 75' lang='lat' dir='ltr'>figura</span> <span class='ocrx_word' id='word_1_152' title='bbox 1349 1649 1588 1690; x_wconf 72' lang='lat' dir='ltr'>quaecuuque</span> <span class='ocrx_word' id='word_1_153' title='bbox 1618 1638 1810 1677; x_wconf 60' lang='lat' dir='ltr'>rectilinea</span> <span class='ocrx_word' id='word_1_154' title='bbox 1831 1650 1885 1677; x_wconf 92' lang='lat' dir='ltr'>re-</span> 
     </span>
     <span class='ocr_line' id='line_1_24' title="bbox 594 1701 1887 1755; baseline -0.002 -11"><span class='ocrx_word' id='word_1_155' title='bbox 594 1704 762 1745; x_wconf 78' lang='lat' dir='ltr'>secandis</span> <span class='ocrx_word' id='word_1_156' title='bbox 795 1705 980 1742; x_wconf 88' lang='lat' dir='ltr'>continuo</span> <span class='ocrx_word' id='word_1_157' title='bbox 1011 1702 1149 1755; x_wconf 84' lang='lat' dir='ltr'>angulis</span> <span class='ocrx_word' id='word_1_158' title='bbox 1183 1703 1334 1741; x_wconf 80' lang='lat' dir='ltr'>tandem</span> <span class='ocrx_word' id='word_1_159' title='bbox 1369 1701 1412 1740; x_wconf 78' lang='lat' dir='ltr'>ad</span> <span class='ocrx_word' id='word_1_160' title='bbox 1434 1701 1659 1753; x_wconf 80' lang='lat' dir='ltr'>triangulum</span> <span class='ocrx_word' id='word_1_161' title='bbox 1681 1703 1887 1751; x_wconf 86' lang='lat' dir='ltr'>reducitur,</span> 
     </span>
     <span class='ocr_line' id='line_1_25' title="bbox 597 1763 1890 1820; baseline -0.002 -12"><span class='ocrx_word' id='word_1_162' title='bbox 597 1767 650 1808; x_wconf 81' lang='lat' dir='ltr'>ita</span> <span class='ocrx_word' id='word_1_163' title='bbox 688 1767 886 1820; x_wconf 79' lang='lat' dir='ltr'>proposito</span> <span class='ocrx_word' id='word_1_164' title='bbox 920 1778 1143 1820; x_wconf 84' lang='lat' dir='ltr'>quocunque</span> <span class='ocrx_word' id='word_1_165' title='bbox 1177 1765 1296 1805; x_wconf 85' lang='lat' dir='ltr'>solido</span> <span class='ocrx_word' id='word_1_166' title='bbox 1330 1763 1452 1803; x_wconf 82' lang='lat' dir='ltr'>hedris</span> <span class='ocrx_word' id='word_1_167' title='bbox 1485 1765 1785 1818; x_wconf 68' lang='lat' dir='ltr'>plauisincluib,</span> <span class='ocrx_word' id='word_1_168' title='bbox 1820 1767 1890 1805; x_wconf 92' lang='lat' dir='ltr'>ob-</span> 
     </span>
     <span class='ocr_line' id='line_1_26' title="bbox 599 1826 1889 1883; baseline -0.002 -12"><span class='ocrx_word' id='word_1_169' title='bbox 599 1831 738 1872; x_wconf 83' lang='lat' dir='ltr'>seruaui</span> <span class='ocrx_word' id='word_1_170' title='bbox 759 1864 768 1882; x_wconf 90' lang='lat'>‚</span> <span class='ocrx_word' id='word_1_171' title='bbox 805 1830 889 1870; x_wconf 90' lang='lat' dir='ltr'>inde</span> <span class='ocrx_word' id='word_1_172' title='bbox 923 1831 1105 1870; x_wconf 88' lang='lat' dir='ltr'>continuo</span> <span class='ocrx_word' id='word_1_173' title='bbox 1135 1829 1294 1882; x_wconf 81' lang='lat' dir='ltr'>angulos</span> <span class='ocrx_word' id='word_1_174' title='bbox 1327 1826 1462 1867; x_wconf 84' lang='lat' dir='ltr'>solidos</span> <span class='ocrx_word' id='word_1_175' title='bbox 1495 1829 1645 1869; x_wconf 84' lang='lat' dir='ltr'>resecati</span> <span class='ocrx_word' id='word_1_176' title='bbox 1678 1828 1814 1883; x_wconf 70' lang='lat' dir='ltr'>posse,</span> <span class='ocrx_word' id='word_1_177' title='bbox 1847 1839 1889 1869; x_wconf 69' lang='lat' dir='ltr'>vt</span> 
     </span>
     <span class='ocr_line' id='line_1_27' title="bbox 599 1893 1889 1946; baseline -0.001 -12"><span class='ocrx_word' id='word_1_178' title='bbox 599 1896 758 1934; x_wconf 83' lang='lat' dir='ltr'>tandem</span> <span class='ocrx_word' id='word_1_179' title='bbox 795 1895 961 1946; x_wconf 78' lang='lat' dir='ltr'>pyramis</span> <span class='ocrx_word' id='word_1_180' title='bbox 995 1893 1226 1946; x_wconf 65' lang='lat' dir='ltr'>triangularis</span> <span class='ocrx_word' id='word_1_181' title='bbox 1259 1901 1455 1931; x_wconf 76' lang='lat' dir='ltr'>remancat</span> <span class='ocrx_word' id='word_1_182' title='bbox 1477 1926 1486 1943; x_wconf 76' lang='lat'>‚</span> <span class='ocrx_word' id='word_1_183' title='bbox 1523 1906 1615 1946; x_wconf 77' lang='lat' dir='ltr'>quae</span> <span class='ocrx_word' id='word_1_184' title='bbox 1648 1906 1734 1933; x_wconf 89' lang='lat' dir='ltr'>cum</span> <span class='ocrx_word' id='word_1_185' title='bbox 1768 1894 1808 1934; x_wconf 78' lang='lat' dir='ltr'>sit</span> <span class='ocrx_word' id='word_1_186' title='bbox 1849 1893 1889 1933; x_wconf 86' lang='lat' dir='ltr'>fi-</span> 
     </span>
     <span class='ocr_line' id='line_1_28' title="bbox 601 1956 1890 2012; baseline 0.002 -17"><span class='ocrx_word' id='word_1_187' title='bbox 601 1970 692 2012; x_wconf 82' lang='lat' dir='ltr'>gura</span> <span class='ocrx_word' id='word_1_188' title='bbox 723 1959 818 1996; x_wconf 86' lang='lat' dir='ltr'>inter</span> <span class='ocrx_word' id='word_1_189' title='bbox 851 1957 964 1997; x_wconf 74' lang='lat' dir='ltr'>solida</span> <span class='ocrx_word' id='word_1_190' title='bbox 999 1956 1263 2010; x_wconf 78' lang='lat' dir='ltr'>simplicissima</span> <span class='ocrx_word' id='word_1_191' title='bbox 1285 1988 1294 2005; x_wconf 86' lang='lat'>,</span> <span class='ocrx_word' id='word_1_192' title='bbox 1327 1968 1374 1995; x_wconf 82' lang='lat' dir='ltr'>cx</span> <span class='ocrx_word' id='word_1_193' title='bbox 1392 1959 1554 2010; x_wconf 77' lang='lat' dir='ltr'>cognitis</span> <span class='ocrx_word' id='word_1_194' title='bbox 1587 1958 1665 1997; x_wconf 91' lang='lat' dir='ltr'>eius</span> <span class='ocrx_word' id='word_1_195' title='bbox 1684 1959 1890 2011; x_wconf 83' lang='lat' dir='ltr'>proprieta-</span> 
     </span>
     <span class='ocr_line' id='line_1_29' title="bbox 600 2019 1892 2074; baseline -0.002 -12"><span class='ocrx_word' id='word_1_196' title='bbox 600 2022 697 2062; x_wconf 86' lang='lat' dir='ltr'>tibus</span> <span class='ocrx_word' id='word_1_197' title='bbox 730 2020 806 2060; x_wconf 89' lang='lat' dir='ltr'>hoc</span> <span class='ocrx_word' id='word_1_198' title='bbox 841 2021 962 2060; x_wconf 91' lang='lat' dir='ltr'>modo</span> <span class='ocrx_word' id='word_1_199' title='bbox 996 2021 1196 2074; x_wconf 80' lang='lat' dir='ltr'>perspexi,</span> <span class='ocrx_word' id='word_1_200' title='bbox 1231 2019 1389 2059; x_wconf 82' lang='lat' dir='ltr'>vicissim</span> <span class='ocrx_word' id='word_1_201' title='bbox 1423 2021 1468 2060; x_wconf 85' lang='lat' dir='ltr'>ad</span> <span class='ocrx_word' id='word_1_202' title='bbox 1489 2022 1740 2074; x_wconf 80' lang='lat' dir='ltr'>proprietates</span> <span class='ocrx_word' id='word_1_203' title='bbox 1767 2023 1892 2064; x_wconf 89' lang='lat' dir='ltr'>omni-</span> 
     </span>
     <span class='ocr_line' id='line_1_30' title="bbox 602 2081 1889 2138; baseline -0.002 -13"><span class='ocrx_word' id='word_1_204' title='bbox 602 2097 671 2125; x_wconf 84' lang='lat' dir='ltr'>vm</span> <span class='ocrx_word' id='word_1_205' title='bbox 707 2083 913 2123; x_wconf 88' lang='lat' dir='ltr'>solidorum</span> <span class='ocrx_word' id='word_1_206' title='bbox 967 2084 1112 2124; x_wconf 83' lang='lat' dir='ltr'>ascendi</span> <span class='ocrx_word' id='word_1_207' title='bbox 1148 2081 1267 2137; x_wconf 82' lang='lat' dir='ltr'>posse.</span> <span class='ocrx_word' id='word_1_208' title='bbox 1345 2083 1388 2123; x_wconf 89' lang='lat' dir='ltr'>ln</span> <span class='ocrx_word' id='word_1_209' title='bbox 1441 2086 1636 2138; x_wconf 72' lang='lat' dir='ltr'>pyramide</span> <span class='ocrx_word' id='word_1_210' title='bbox 1679 2087 1780 2126; x_wconf 84' lang='lat' dir='ltr'>enim</span> <span class='ocrx_word' id='word_1_211' title='bbox 1824 2085 1889 2123; x_wconf 89' lang='lat' dir='ltr'>tri-</span> 
     </span>
     <span class='ocr_line' id='line_1_31' title="bbox 601 2147 1894 2204; baseline -0.002 -14"><span class='ocrx_word' id='word_1_212' title='bbox 601 2149 728 2204; x_wconf 82' lang='lat' dir='ltr'>gonali</span> <span class='ocrx_word' id='word_1_213' title='bbox 762 2160 940 2189; x_wconf 83' lang='lat' dir='ltr'>numerus</span> <span class='ocrx_word' id='word_1_214' title='bbox 972 2148 1195 2204; x_wconf 86' lang='lat' dir='ltr'>angulorum</span> <span class='ocrx_word' id='word_1_215' title='bbox 1230 2147 1437 2191; x_wconf 81' lang='lat' dir='ltr'>solidorum</span> <span class='ocrx_word' id='word_1_216' title='bbox 1471 2151 1524 2192; x_wconf 88' lang='lat' dir='ltr'>est</span> <span class='ocrx_word' id='word_1_217' title='bbox 1566 2162 1669 2200; x_wconf 78' lang='lat'>:4</span> <span class='ocrx_word' id='word_1_218' title='bbox 1697 2182 1707 2201; x_wconf 89' lang='lat'>,</span> <span class='ocrx_word' id='word_1_219' title='bbox 1756 2161 1894 2189; x_wconf 86' lang='lat' dir='ltr'>nume-</span> 
     </span>
    </p>
   </div>
   <div class='ocr_carea' id='block_1_3' title="bbox 1836 2226 1896 2255">
    <p class='ocr_par' dir='ltr' id='par_1_8' title="bbox 1836 2226 1896 2255">
     <span class='ocr_line' id='line_1_32' title="bbox 1836 2226 1896 2255; baseline 0.017 -1"><span class='ocrx_word' id='word_1_220' title='bbox 1836 2226 1896 2255; x_wconf 71' lang='lat' dir='ltr'>rus</span> 
     </span>
    </p>
   </div>
  </div>
 </body>
</html>
