2013 2703
356 1070 440 1125 Fig.
466 1086 524 1111 20.

353 1697 446 1748 Pig.
476 1709 537 1736 21.

562 192 650 231 224
846 167 1543 220 OBSERVAT.NIDOS

557 297 645 339 hinc
679 295 824 338 vitellus
854 292 907 331 ob
936 289 1218 332 consistentiam
1268 301 1386 331 muco
1422 291 1571 331 naxium
1622 290 1669 332 ab
1721 290 1837 335 Itael-

556 362 680 403 menis
713 364 969 409 comparatur.

707 421 857 463 Nidum
891 418 1036 459 nullum
1070 417 1210 458 struunt
1231 448 1241 467 ,
1278 417 1338 458 sed
1373 429 1444 458 oua
1482 417 1608 470 fixis,
1656 418 1693 458 in
1727 431 1837 473 prae-

552 486 672 539 ruptis
706 485 800 525 locis
819 515 830 534 ,
864 484 1097 535 imponunt,
1131 494 1174 521 ac
1211 481 1357 534 stipulas
1373 482 1550 536 quasdam
1579 480 1728 523 confuse
1755 482 1837 524 sub-

554 549 720 590 sternunt
743 581 752 599 ,
784 546 846 587 vel
879 546 972 586 locis
1010 546 1214 599 gramineis
1246 545 1286 584 in
1319 547 1458 586 vertice
1507 545 1670 600 pilarum
1723 548 1840 587 mari-

553 625 688 653 narum
722 612 853 653 stantes
882 611 1098 652 excludunt.
1163 608 1227 649 Ob
1260 609 1398 663 pedum
1433 610 1544 650 situm
1581 622 1685 663 pone
1710 611 1839 663 aequi-

557 676 709 717 librium
753 675 952 716 cadentem
1001 685 1136 727 corpus
1167 672 1346 713 inclinant
1399 673 1507 716 saxis.
1571 673 1665 714 Vidi
1716 675 1836 714 etiam

553 740 714 779 iacentes
743 749 781 779 et
810 738 1066 779 incumbentes
1083 737 1166 777 ouis
1182 737 1220 776 in
1249 737 1364 790 plano
1383 739 1543 791 pilarum
1573 739 1806 778 marinarum
1827 770 1839 788 ‚

554 803 614 843 fied
647 815 765 857 rat-03
800 801 852 843 ob
896 801 1149 856 stupiditatem
1182 809 1223 841 et
1253 800 1515 841 difficultatem
1550 801 1622 841 sese
1658 801 1839 843 mouendi

554 880 627 908 oua
659 864 768 920 saepe
798 878 820 905 e
851 866 943 906 nido
976 866 1152 905 deiiciunt
1185 874 1222 904 et
1254 865 1400 904 incaute
1434 864 1610 918 perdunt.

719 929 854 970 Ouum
886 929 1003 970 anatis
1031 929 1255 970 caudacutae
1288 928 1479 970 Haueldae
1521 926 1683 968 Islandis.

1599 990 1701 1030 Vnc.
1738 989 1807 1031 lin.

678 1054 924 1108 -Longitudo
954 1054 1036 1094 axis
1183 1075 1206 1083 -
1353 1077 1372 1084 -
1521 1076 1539 1084 -
1633 1068 1657 1094 2
1749 1066 1769 1094 ι

688 1118 893 1160 Diameter
924 1118 1100 1158 maxima
1190 1135 1209 1144 -
1355 1136 1377 1146 ·
1523 1139 1545 1149 ·
1637 1130 1655 1156 1
1749 1132 1771 1168 5

707 1181 892 1224 Nidificnt
923 1182 960 1221 in
995 1181 1087 1222 locis
1117 1180 1322 1234 gramineis
1361 1192 1437 1220 non
1472 1183 1601 1234 procul
1653 1195 1672 1221 a
1725 1182 1843 1222 maris

555 1247 679 1288 littore
713 1246 912 1299 nidumque
947 1246 1080 1285 eadem
1114 1244 1238 1285 forma
1275 1258 1315 1285 ac
1349 1246 1496 1285 ratione
1519 1277 1531 1297 ,
1583 1256 1627 1285 vt
1679 1245 1842 1299 reliquae

555 1322 683 1352 anates
699 1342 711 1361 ,
744 1310 846 1350 struit
869 1323 880 1361 ς,
917 1320 989 1348 oua
1010 1309 1123 1361 ponit
1142 1309 1402 1361 magnitudine
1423 1311 1504 1349 ouis
1521 1309 1732 1362 gallinaceis
1763 1322 1838 1348 non

557 1376 701 1415 maiora
721 1405 730 1423 ‚
777 1384 845 1412 nec
879 1371 1003 1411 forma
1037 1373 1084 1411 ab
1119 1373 1187 1412 illis
1219 1373 1337 1411 aliena
1359 1404 1369 1420 ,
1409 1372 1630 1412 craffiuscula
1651 1400 1662 1417 ,
1710 1372 1839 1410 colore

558 1438 640 1478 alba
663 1471 673 1489 ‚
708 1435 850 1475 sordide
883 1435 919 1473 in
953 1435 1146 1474 cinereum
1166 1435 1299 1473 leuiter
1326 1434 1513 1483 vergentia
1534 1466 1543 1484 ‚
1577 1433 1692 1473 nitide
1710 1433 1835 1486 glabra

558 1510 600 1541 et
634 1499 750 1540 veluti
785 1497 914 1551 polita.

706 1562 838 1603 Ouum
876 1557 1059 1611 Colymbi
1101 1558 1243 1598 enudati
1288 1557 1430 1598 stellati.

1312 1621 1410 1660 Vnc.
1446 1620 1511 1660 lin.
1606 1620 1707 1660 Vnc.
1739 1621 1805 1660 lin.

648 1688 869 1742 Longitudo
899 1687 979 1727 axis
1103 1709 1119 1715 -
1229 1709 1249 1718 -
1343 1697 1365 1722 2
1455 1691 1476 1725 8
1518 1684 1613 1724 aliud
1653 1696 1674 1721 2
1745 1695 1770 1729 7

644 1751 888 1793 Diametralis
921 1749 1079 1789 latitudo
1109 1772 1124 1779 -
1234 1770 1253 1777 ·
1348 1761 1368 1785 2
1458 1753 1506 1797 7}
1664 1760 1680 1786 1
1752 1759 1776 1795 7

705 1816 853 1858 Nidum
891 1814 996 1854 struit
1045 1814 1141 1853 circa
1175 1811 1302 1857 lacus,
1353 1823 1430 1850 non
1484 1810 1613 1863 procul
1648 1823 1669 1850 a
1714 1812 1839 1860 mari,

557 1880 620 1921 vel
654 1881 690 1920 in
726 1879 848 1919 insulis
893 1879 1039 1917 lacuum
1061 1907 1071 1925 ,
1122 1887 1169 1914 ex
1201 1875 1302 1926 aquis
1333 1875 1614 1928 emergentibus
1634 1906 1645 1924 ,
1679 1886 1838 1926 gramen

558 1944 800 1983 solummodo
837 1941 1008 1980 incubatu
1027 1938 1279 1991 deprimendo
1299 1969 1307 1987 ,
1346 1939 1558 1991 ibidemque
1579 1950 1651 1977 oua
1677 1937 1837 1990 deponit

560 2007 636 2048 duo
657 2038 665 2053 ‚
703 2007 894 2059 putamine
922 2005 1015 2043 duro
1042 2001 1192 2041 obtecta
1214 2034 1223 2050 ,
1256 2001 1427 2041 anserinis
1456 2002 1558 2041 mole
1578 2014 1655 2040 non
1674 2001 1834 2040 multum

561 2070 733 2110 inferiora
759 2100 769 2118 ‚
801 2068 936 2107 exacte
971 2066 1091 2104 ounlia
1112 2098 1121 2116 ‚
1173 2075 1281 2104 extus
1311 2064 1408 2105 fusca
1442 2078 1483 2105 ac
1532 2066 1644 2119 nigris
1692 2064 1840 2117 punctis

561 2134 653 2176 raris
688 2132 850 2185 vndiquc
884 2130 1092 2184 conspersa.
1127 2129 1283 2169 Vitellus
1314 2128 1470 2170 lutcscit.

1703 2187 1835 2229 Ouum
