2013 2703
291 75 386 122 AD
426 68 1021 121 ARCHITECTVRAM
1052 70 1349 123 CIVILEM
1389 88 1477 128 227

192 207 259 249 pra
293 195 386 247 pilas
420 195 607 236 inclinatas
648 204 686 235 et
718 194 927 248 inaequales
974 189 1034 249 (ξ.
1071 194 1332 253 XXXIV.):
1368 196 1484 237 verba

190 260 268 299 eius
302 259 395 300 haec
430 260 509 301 sunt
540 262 577 300 in
611 259 727 301 Cours
757 259 1058 302 d’An-hlteaure
1100 261 1145 302 P.
1183 261 1246 302 IV
1267 295 1278 313 ,
1319 261 1382 302 lib.
1404 257 1479 302 VI.

192 331 322 377 „cap.
358 338 398 373 9.
435 323 550 375 Ilya
585 324 632 364 eu
685 324 811 365 divers
853 323 1105 376 architectos,
1151 324 1213 378 qui
1247 333 1314 365 ont
1365 324 1483 375 effaye

192 418 217 438 ‚‚
237 389 284 427 de
319 396 472 428 trouver
502 389 566 428 des
597 388 782 428 manieres
813 387 896 427 d’en
939 398 1059 428 tracer
1089 388 1124 428 le
1177 389 1267 428 trait
1301 400 1370 442 par
1421 389 1485 428 des

190 452 412 504 „portions
445 453 491 492 de
521 451 643 493 cercle
684 451 740 490 sur
791 450 914 489 divers
963 461 1136 490 centres:
1191 452 1285 491 mais
1325 463 1486 492 comme

190 516 316 565 „leur
350 517 540 569 pratiques
586 513 668 552 sont
710 512 863 562 fiiusses,
913 511 1060 552 faiss‘ant
1098 509 1218 566 jarret
1261 525 1311 552 en
1362 515 1488 555 divers

191 611 214 630 ‚,
235 579 364 629 lieux,
399 579 438 617 ὃ(
473 575 794 631 principalement
823 574 882 615 sur
914 576 966 616 les
997 576 1116 630 lignes
1155 577 1220 617 des
1271 576 1456 630 piedroits
1476 611 1486 629 ,

194 673 218 694 ,‚
237 652 345 682 outre
379 653 449 695 que
483 641 535 682 les
566 649 710 681 centres
740 640 805 680 des
839 639 980 680 cerclcs
1013 641 1108 681 dont
1142 640 1183 680 ils
1214 640 1249 680 se
1274 639 1420 682 servent
1438 653 1486 681 ne

192 705 316 757 „sont
349 704 383 744 le
416 705 498 758 plus
529 705 687 745 souvent
732 705 895 744 trouvez
929 716 1002 759 que
1053 717 1122 759 par
1155 704 1291 745 hazard
1342 707 1384 747 δε
1435 717 1487 745 en

190 800 214 820 „
235 777 434 809 tatonnant
459 782 469 821 3
494 764 537 822 je
572 768 644 809 n'ai
680 781 745 822 pas
779 767 846 808 cru
880 768 1014 809 devoir
1049 782 1076 821 y
1107 766 1195 808 faire
1247 781 1386 809 aucune
1428 780 1489 808 re-

190 864 214 884 „
234 833 379 873 flexion
402 866 412 884 ‚
445 834 486 873 &
519 828 579 884 j'ai
606 828 700 886 juge
722 865 733 884 ,
767 844 837 885 que
870 845 929 872 ces
959 846 1067 886 arcs,
1109 845 1209 886 pour
1251 833 1332 874 etre
1375 827 1490 887 justes

168 899 273 947 >„&
308 895 474 936 correers
496 927 507 947 ‚
541 897 720 936 devoient
752 897 833 935 etre
868 891 963 937 l'une
982 898 1049 938 des
1074 896 1236 938 sections
1253 899 1490 952 coniques.ss„

191 960 335 1004 Reiicit
366 961 476 1012 igitur
512 958 573 998 hic
593 961 654 1000 vir
674 958 924 999 solertiffimus
941 973 1044 1000 arcus
1069 961 1276 1012 circulares,
1297 971 1334 1002 et
1353 961 1489 1002 see'tio-

193 1035 258 1063 nes
294 1025 442 1062 conicas
461 1024 497 1062 in
518 1021 829 1062 Areliitec'turam
856 1021 1008 1062 ciuilem
1031 1024 1166 1074 recipit
1184 1055 1194 1074 ‚
1223 1034 1353 1065 contra
1383 1025 1491 1066 huius

192 1096 394 1141 praecepta
415 1120 424 1137 ‚
458 1085 667 1126 necestitate
687 1118 697 1137 ,
733 1086 786 1125 vti
822 1094 958 1137 putat,
983 1085 1164 1126 adductus
1187 1117 1199 1137 ‚
1233 1088 1318 1140 quia
1351 1089 1387 1127 in
1414 1087 1490 1128 hoc

194 1151 276 1191 casu
311 1163 416 1190 arcus
448 1150 639 1189 circulares
672 1149 834 1200 poplites
869 1148 1009 1188 euitare
1043 1161 1229 1202 nequeant
1249 1182 1259 1200 ‚
1293 1163 1360 1191 nec
1393 1152 1490 1193 ratio

195 1212 445 1256 Geometrica
479 1211 624 1251 constet
644 1243 654 1260 ,
688 1212 789 1249 cuius
822 1221 900 1264 ope
937 1211 1026 1250 tales
1056 1224 1159 1252 arcus
1191 1214 1391 1255 circulares
1422 1216 1491 1256 de-

195 1280 308 1319 beant
340 1275 508 1315 describi.
575 1272 651 1315 Sed
685 1283 782 1314 errat
815 1275 850 1313 in
887 1274 959 1314 hac
992 1288 1031 1315 re
1065 1277 1125 1315 vir
1174 1275 1259 1316 alias
1309 1277 1491 1319 subtiliffi·

193 1353 313 1393 mus·⁷
347 1339 494 1379 tradam
529 1340 636 1379 enim
671 1337 902 1379 methodum
938 1338 1128 1380 soimandi
1171 1339 1335 1383 fornices
1382 1340 1492 1395 supra

193 1405 289 1458 pilas
320 1402 668 1457 quomodocunque
702 1402 892 1443 inclinatas
913 1434 923 1453 ,
944 1413 981 1444 et
1011 1404 1223 1458 inaequales
1242 1437 1252 1456 ‚
1272 1419 1321 1446 ex
1338 1407 1493 1447 arcubus

194 1468 338 1508 duobus
370 1465 607 1507 circularibus
627 1498 637 1515 ‚
672 1467 737 1521 qui
768 1476 807 1507 et
839 1466 1016 1520 nusquam
1054 1469 1248 1523 poplitem
1291 1470 1414 1510 vllum
1440 1470 1490 1511 fa-

196 1533 327 1581 ciant,
376 1529 436 1570 sed
481 1540 519 1570 et
554 1532 699 1571 ratione
733 1527 981 1572 Geometrica
1033 1534 1377 1586 determinantur3-
1420 1548 1491 1588 qua

198 1595 275 1649 ipsa
308 1605 383 1634 non
419 1606 556 1647 parum
583 1595 751 1636 Vtilitatis
784 1595 828 1636 ad
863 1594 1056 1639 scientiam
1090 1597 1313 1640 aedificandi
1347 1598 1492 1640 attulis-

198 1659 233 1699 se
269 1657 370 1699 mihi
402 1659 545 1701 videor.

356 1791 391 1840 §.
426 1790 676 1834 XXXVIII.
712 1788 796 1834 Sint
827 1790 864 1833 in
895 1793 993 1835 hunc
1028 1792 1148 1835 finem
1186 1794 1278 1835 duae
1308 1793 1405 1848 pilae
1430 1789 1649 1839 in-Tim.

201 1856 359 1896 clinatae
393 1864 430 1894 et
464 1855 664 1910 inaequales
695 1858 804 1910 PA,
839 1856 928 1914 QB
950 1889 961 1909 ‚
1005 1860 1049 1899 ad
1081 1869 1283 1913 Vtramque
1303 1860 1491 1912 erigantur
1512 1870 1586 1920 Fig.
1615 1884 1649 1914 9.

205 1918 532 1973 perpendiculares
550 1921 588 1961 A
608 1921 637 1961 F
659 1955 669 1973 ,
687 1920 722 1962 B
740 1922 778 1964 E
798 1956 808 1974 ,
828 1923 1055 1964 decussantes
1088 1925 1122 1963 le
1156 1925 1194 1963 in
1228 1922 1271 1964 D
1293 1937 1304 1977 3
1325 1925 1493 1978 capiatur

206 1982 248 2023 D
270 1983 304 2026 C
355 1982 561 2024 differentia
592 1984 724 2026 harum
760 1987 1127 2041 perpendicularium
1147 2021 1157 2040 ,
1192 1997 1231 2028 et
1265 1987 1441 2029 bisecetur
1458 1989 1496 2029 in

207 2046 280 2104 G3
332 2047 458 2089 erecta
489 2049 804 2103 perpendicularis
836 2050 913 2093 GI
948 2051 1072 2094 secans
1109 2050 1196 2095 BE
1230 2053 1269 2093 in
1302 2052 1375 2107 Is„
1395 2052 1497 2096 dabit

830 2116 861 2155 F
894 2114 916 2153 f
946 2128 968 2154 2
1452 2114 1491 2157 in
