<?xml version="1.0" encoding="UTF-8"?>
<!DOCTYPE html PUBLIC "-//W3C//DTD XHTML 1.0 Transitional//EN"
    "http://www.w3.org/TR/xhtml1/DTD/xhtml1-transitional.dtd">
<html xmlns="http://www.w3.org/1999/xhtml" xml:lang="en" lang="en">
 <head>
  <title>
</title>
<meta http-equiv="Content-Type" content="text/html;charset=utf-8" />
  <meta name='ocr-system' content='tesseract 3.04.00' />
  <meta name='ocr-capabilities' content='ocr_page ocr_carea ocr_par ocr_line ocrx_word'/>
</head>
<body>
  <div class='ocr_page' id='page_1' title='image "./novicommentariac04impe_0457.png"; bbox 0 0 2013 2703; ppageno 0'>
   <div class='ocr_carea' id='block_1_1' title="bbox 573 135 1477 193">
    <p class='ocr_par' dir='ltr' id='par_1_1' title="bbox 573 135 1477 193">
     <span class='ocr_line' id='line_1_1' title="bbox 573 135 1477 193; baseline 0.002 -9"><span class='ocrx_word' id='word_1_1' title='bbox 573 135 1092 185; x_wconf 80' lang='lat' dir='ltr'><strong><em>EXOTICVS</em></strong></span> <span class='ocrx_word' id='word_1_2' title='bbox 1388 147 1477 193; x_wconf 74' lang='lat'>387</span> 
     </span>
    </p>
   </div>
   <div class='ocr_carea' id='block_1_2' title="bbox 181 256 1488 2207">
    <p class='ocr_par' dir='ltr' id='par_1_2' title="bbox 184 256 1488 757">
     <span class='ocr_line' id='line_1_2' title="bbox 184 256 1486 312; baseline -0.002 -10"><span class='ocrx_word' id='word_1_3' title='bbox 184 258 292 302; x_wconf 74' lang='lat' dir='ltr'>tulus</span> <span class='ocrx_word' id='word_1_4' title='bbox 321 256 561 301; x_wconf 65' lang='lat' dir='ltr'>insertionem</span> <span class='ocrx_word' id='word_1_5' title='bbox 596 257 732 312; x_wconf 74' lang='lat' dir='ltr'>assequi</span> <span class='ocrx_word' id='word_1_6' title='bbox 775 271 853 299; x_wconf 91' lang='lat' dir='ltr'>non</span> <span class='ocrx_word' id='word_1_7' title='bbox 908 259 1031 312; x_wconf 91' lang='lat' dir='ltr'>potui.</span> <span class='ocrx_word' id='word_1_8' title='bbox 1119 256 1313 300; x_wconf 83' lang='lat' dir='ltr'>Haberem</span> <span class='ocrx_word' id='word_1_9' title='bbox 1347 259 1486 302; x_wconf 80' lang='lat' dir='ltr'>haecce</span> 
     </span>
     <span class='ocr_line' id='line_1_3' title="bbox 190 323 1487 378; baseline 0.001 -14"><span class='ocrx_word' id='word_1_10' title='bbox 190 336 356 376; x_wconf 82' lang='lat' dir='ltr'>corpora</span> <span class='ocrx_word' id='word_1_11' title='bbox 393 338 466 378; x_wconf 92' lang='lat' dir='ltr'>pro</span> <span class='ocrx_word' id='word_1_12' title='bbox 501 324 668 364; x_wconf 82' lang='lat' dir='ltr'>folliculis</span> <span class='ocrx_word' id='word_1_13' title='bbox 688 353 700 374; x_wconf 90' lang='lat'>‚</span> <span class='ocrx_word' id='word_1_14' title='bbox 733 323 879 363; x_wconf 89' lang='lat' dir='ltr'>moschi</span> <span class='ocrx_word' id='word_1_15' title='bbox 911 323 1074 364; x_wconf 79' lang='lat' dir='ltr'>odorem</span> <span class='ocrx_word' id='word_1_16' title='bbox 1111 323 1417 377; x_wconf 85' lang='lat' dir='ltr'>continentibus,</span> <span class='ocrx_word' id='word_1_17' title='bbox 1461 323 1487 364; x_wconf 82' lang='lat' dir='ltr'>fi</span> 
     </span>
     <span class='ocr_line' id='line_1_4' title="bbox 190 387 1486 441; baseline 0.002 -15"><span class='ocrx_word' id='word_1_18' title='bbox 190 388 250 426; x_wconf 62' lang='lat' dir='ltr'>vel</span> <span class='ocrx_word' id='word_1_19' title='bbox 285 388 467 441; x_wconf 82' lang='lat' dir='ltr'>liquorem</span> <span class='ocrx_word' id='word_1_20' title='bbox 504 389 568 428; x_wconf 79' lang='lat' dir='ltr'>tali</span> <span class='ocrx_word' id='word_1_21' title='bbox 602 391 722 427; x_wconf 84' lang='lat' dir='ltr'>odore</span> <span class='ocrx_word' id='word_1_22' title='bbox 759 388 953 440; x_wconf 80' lang='lat' dir='ltr'>paeditum</span> <span class='ocrx_word' id='word_1_23' title='bbox 989 388 1025 426; x_wconf 88' lang='lat' dir='ltr'>in</span> <span class='ocrx_word' id='word_1_24' title='bbox 1062 387 1106 427; x_wconf 86' lang='lat' dir='ltr'>iis</span> <span class='ocrx_word' id='word_1_25' title='bbox 1139 387 1486 441; x_wconf 80' lang='lat' dir='ltr'>deprehendissem,</span> 
     </span>
     <span class='ocr_line' id='line_1_5' title="bbox 188 449 1488 503; baseline 0.003 -14"><span class='ocrx_word' id='word_1_26' title='bbox 188 462 248 490; x_wconf 82' lang='lat' dir='ltr'>:tut</span> <span class='ocrx_word' id='word_1_27' title='bbox 283 451 308 490; x_wconf 85' lang='lat' dir='ltr'>fi</span> <span class='ocrx_word' id='word_1_28' title='bbox 343 451 501 493; x_wconf 87' lang='lat' dir='ltr'>odorem</span> <span class='ocrx_word' id='word_1_29' title='bbox 536 451 678 492; x_wconf 85' lang='lat' dir='ltr'>moschi</span> <span class='ocrx_word' id='word_1_30' title='bbox 714 451 860 503; x_wconf 83' lang='lat' dir='ltr'>reliquis</span> <span class='ocrx_word' id='word_1_31' title='bbox 903 451 1067 503; x_wconf 80' lang='lat' dir='ltr'>partibus</span> <span class='ocrx_word' id='word_1_32' title='bbox 1111 449 1312 491; x_wconf 85' lang='lat' dir='ltr'>fortiorem</span> <span class='ocrx_word' id='word_1_33' title='bbox 1355 451 1403 491; x_wconf 80' lang='lat' dir='ltr'>de</span> <span class='ocrx_word' id='word_1_34' title='bbox 1454 453 1488 493; x_wconf 83' lang='lat' dir='ltr'>se</span> 
     </span>
     <span class='ocr_line' id='line_1_6' title="bbox 187 512 1487 566; baseline 0.003 -14"><span class='ocrx_word' id='word_1_35' title='bbox 187 513 398 566; x_wconf 82' lang='lat' dir='ltr'>sparfissent.</span> <span class='ocrx_word' id='word_1_36' title='bbox 467 515 540 556; x_wconf 90' lang='lat' dir='ltr'>Sed</span> <span class='ocrx_word' id='word_1_37' title='bbox 577 523 750 553; x_wconf 90' lang='lat' dir='ltr'>neutrum</span> <span class='ocrx_word' id='word_1_38' title='bbox 787 513 981 552; x_wconf 78' lang='lat' dir='ltr'>obseruare</span> <span class='ocrx_word' id='word_1_39' title='bbox 1032 512 1150 552; x_wconf 87' lang='lat' dir='ltr'>licuit.</span> <span class='ocrx_word' id='word_1_40' title='bbox 1234 514 1405 554; x_wconf 85' lang='lat' dir='ltr'>Pluribus</span> <span class='ocrx_word' id='word_1_41' title='bbox 1448 525 1487 556; x_wconf 88' lang='lat' dir='ltr'>et</span> 
     </span>
     <span class='ocr_line' id='line_1_7' title="bbox 189 573 1488 630; baseline 0.002 -14"><span class='ocrx_word' id='word_1_42' title='bbox 189 578 311 630; x_wconf 75' lang='lat' dir='ltr'>magis</span> <span class='ocrx_word' id='word_1_43' title='bbox 343 578 486 618; x_wconf 64' lang='lat' dir='ltr'>exactis</span> <span class='ocrx_word' id='word_1_44' title='bbox 518 578 616 617; x_wconf 84' lang='lat' dir='ltr'>circa</span> <span class='ocrx_word' id='word_1_45' title='bbox 650 575 745 615; x_wconf 79' lang='lat' dir='ltr'>haec</span> <span class='ocrx_word' id='word_1_46' title='bbox 779 585 817 614; x_wconf 91' lang='lat' dir='ltr'>et</span> <span class='ocrx_word' id='word_1_47' title='bbox 861 573 945 614; x_wconf 82' lang='lat' dir='ltr'>vasa</span> <span class='ocrx_word' id='word_1_48' title='bbox 988 575 1209 628; x_wconf 81' lang='lat' dir='ltr'>spermatica</span> <span class='ocrx_word' id='word_1_49' title='bbox 1260 577 1488 619; x_wconf 80' lang='lat' dir='ltr'>obseruatio-</span> 
     </span>
     <span class='ocr_line' id='line_1_8' title="bbox 189 638 1484 691; baseline -0.002 -11"><span class='ocrx_word' id='word_1_50' title='bbox 189 641 296 680; x_wconf 86' lang='lat' dir='ltr'>nibus</span> <span class='ocrx_word' id='word_1_51' title='bbox 330 641 558 681; x_wconf 83' lang='lat' dir='ltr'>instituendis</span> <span class='ocrx_word' id='word_1_52' title='bbox 578 673 588 691; x_wconf 85' lang='lat'>,</span> <span class='ocrx_word' id='word_1_53' title='bbox 624 638 825 691; x_wconf 81' lang='lat' dir='ltr'>tempestas</span> <span class='ocrx_word' id='word_1_54' title='bbox 858 638 980 678; x_wconf 82' lang='lat' dir='ltr'>nubila</span> <span class='ocrx_word' id='word_1_55' title='bbox 1001 671 1011 689; x_wconf 88' lang='lat'>‚</span> <span class='ocrx_word' id='word_1_56' title='bbox 1048 639 1176 678; x_wconf 79' lang='lat' dir='ltr'>breues</span> <span class='ocrx_word' id='word_1_57' title='bbox 1213 639 1324 691; x_wconf 87' lang='lat' dir='ltr'>dies,</span> <span class='ocrx_word' id='word_1_58' title='bbox 1358 650 1397 680; x_wconf 91' lang='lat' dir='ltr'>et</span> <span class='ocrx_word' id='word_1_59' title='bbox 1424 642 1484 682; x_wconf 81' lang='lat' dir='ltr'>lo-</span> 
     </span>
     <span class='ocr_line' id='line_1_9' title="bbox 187 701 1482 757; baseline 0.002 -14"><span class='ocrx_word' id='word_1_60' title='bbox 187 716 249 744; x_wconf 84' lang='lat' dir='ltr'>cus</span> <span class='ocrx_word' id='word_1_61' title='bbox 268 705 440 744; x_wconf 84' lang='lat' dir='ltr'>obscurus</span> <span class='ocrx_word' id='word_1_62' title='bbox 461 737 471 755; x_wconf 86' lang='lat'>,</span> <span class='ocrx_word' id='word_1_63' title='bbox 504 716 580 757; x_wconf 83' lang='lat' dir='ltr'>quo</span> <span class='ocrx_word' id='word_1_64' title='bbox 607 703 843 743; x_wconf 74' lang='lat' dir='ltr'>diffectiones</span> <span class='ocrx_word' id='word_1_65' title='bbox 861 701 1049 742; x_wconf 79' lang='lat' dir='ltr'>faciendae</span> <span class='ocrx_word' id='word_1_66' title='bbox 1069 712 1177 742; x_wconf 79' lang='lat' dir='ltr'>erant</span> <span class='ocrx_word' id='word_1_67' title='bbox 1198 735 1208 754; x_wconf 87' lang='lat'>‚</span> <span class='ocrx_word' id='word_1_68' title='bbox 1241 703 1482 745; x_wconf 84' lang='lat' dir='ltr'>obstiterunt.</span> 
     </span>
    </p>

    <p class='ocr_par' dir='ltr' id='par_1_3' title="bbox 184 766 1484 1139">
     <span class='ocr_line' id='line_1_10' title="bbox 303 766 1484 820; baseline 0.001 -13"><span class='ocrx_word' id='word_1_69' title='bbox 303 769 389 811; x_wconf 78' lang='lat' dir='ltr'>Raii</span> <span class='ocrx_word' id='word_1_70' title='bbox 412 779 495 807; x_wconf 85' lang='lat' dir='ltr'>mus</span> <span class='ocrx_word' id='word_1_71' title='bbox 513 767 704 818; x_wconf 78' lang='lat' dir='ltr'>exoticus,</span> <span class='ocrx_word' id='word_1_72' title='bbox 731 776 770 805; x_wconf 87' lang='lat' dir='ltr'>et</span> <span class='ocrx_word' id='word_1_73' title='bbox 789 766 876 805; x_wconf 92' lang='lat' dir='ltr'>loco</span> <span class='ocrx_word' id='word_1_74' title='bbox 896 767 1007 806; x_wconf 77' lang='lat' dir='ltr'>natali</span> <span class='ocrx_word' id='word_1_75' title='bbox 1027 799 1037 817; x_wconf 85' lang='lat'>,</span> <span class='ocrx_word' id='word_1_76' title='bbox 1056 776 1096 807; x_wconf 86' lang='lat' dir='ltr'>et</span> <span class='ocrx_word' id='word_1_77' title='bbox 1116 766 1387 820; x_wconf 82' lang='lat' dir='ltr'>descriptione,</span> <span class='ocrx_word' id='word_1_78' title='bbox 1408 780 1484 808; x_wconf 75' lang='grc' dir='ltr'>ηο-</span> 
     </span>
     <span class='ocr_line' id='line_1_11' title="bbox 186 830 1482 885; baseline -0.001 -13"><span class='ocrx_word' id='word_1_79' title='bbox 186 832 261 872; x_wconf 91' lang='lat' dir='ltr'>stro</span> <span class='ocrx_word' id='word_1_80' title='bbox 296 832 509 885; x_wconf 87' lang='lat' dir='ltr'>respondet.</span> <span class='ocrx_word' id='word_1_81' title='bbox 578 832 751 870; x_wconf 75' lang='lat' dir='ltr'>Tantum</span> <span class='ocrx_word' id='word_1_82' title='bbox 789 831 992 882; x_wconf 87' lang='lat' dir='ltr'>proportio</span> <span class='ocrx_word' id='word_1_83' title='bbox 1024 830 1168 883; x_wconf 91' lang='lat' dir='ltr'>pedum</span> <span class='ocrx_word' id='word_1_84' title='bbox 1203 830 1316 882; x_wconf 85' lang='lat' dir='ltr'>longe</span> <span class='ocrx_word' id='word_1_85' title='bbox 1349 830 1418 871; x_wconf 80' lang='lat' dir='ltr'>alia</span> <span class='ocrx_word' id='word_1_86' title='bbox 1446 832 1482 872; x_wconf 89' lang='lat' dir='ltr'>in</span> 
     </span>
     <span class='ocr_line' id='line_1_12' title="bbox 185 893 1483 949; baseline -0.002 -13"><span class='ocrx_word' id='word_1_87' title='bbox 185 895 273 937; x_wconf 74' lang='lat' dir='ltr'>Rati</span> <span class='ocrx_word' id='word_1_88' title='bbox 305 895 558 948; x_wconf 79' lang='lat' dir='ltr'>descriptione</span> <span class='ocrx_word' id='word_1_89' title='bbox 592 894 833 948; x_wconf 82' lang='lat' dir='ltr'>explicatur,</span> <span class='ocrx_word' id='word_1_90' title='bbox 866 905 981 947; x_wconf 82' lang='lat' dir='ltr'>quam</span> <span class='ocrx_word' id='word_1_91' title='bbox 1016 894 1054 932; x_wconf 90' lang='lat' dir='ltr'>in</span> <span class='ocrx_word' id='word_1_92' title='bbox 1075 893 1206 933; x_wconf 86' lang='lat' dir='ltr'>nostro</span> <span class='ocrx_word' id='word_1_93' title='bbox 1227 893 1483 949; x_wconf 76' lang='lat' dir='ltr'>deprehendi3</span> 
     </span>
     <span class='ocr_line' id='line_1_13' title="bbox 186 956 1482 1010; baseline 0 -12"><span class='ocrx_word' id='word_1_94' title='bbox 186 958 303 998; x_wconf 85' lang='lat' dir='ltr'>Forte</span> <span class='ocrx_word' id='word_1_95' title='bbox 329 987 338 1005; x_wconf 90' lang='lat'>‚</span> <span class='ocrx_word' id='word_1_96' title='bbox 372 959 457 1010; x_wconf 77' lang='lat' dir='ltr'>quia</span> <span class='ocrx_word' id='word_1_97' title='bbox 491 959 639 999; x_wconf 81' lang='lat' dir='ltr'>Raiana</span> <span class='ocrx_word' id='word_1_98' title='bbox 672 957 872 1010; x_wconf 85' lang='lat' dir='ltr'>descriptio</span> <span class='ocrx_word' id='word_1_99' title='bbox 905 969 958 996; x_wconf 90' lang='lat' dir='ltr'>ex</span> <span class='ocrx_word' id='word_1_100' title='bbox 999 957 1098 1009; x_wconf 87' lang='lat' dir='ltr'>pelle</span> <span class='ocrx_word' id='word_1_101' title='bbox 1143 957 1236 1009; x_wconf 57' lang='lat' dir='ltr'>theta</span> <span class='ocrx_word' id='word_1_102' title='bbox 1258 986 1268 1006; x_wconf 94' lang='lat'>‚</span> <span class='ocrx_word' id='word_1_103' title='bbox 1320 956 1383 996; x_wconf 85' lang='lat' dir='ltr'>vel</span> <span class='ocrx_word' id='word_1_104' title='bbox 1431 970 1482 1002; x_wconf 80' lang='lat' dir='ltr'>ex</span> 
     </span>
     <span class='ocr_line' id='line_1_14' title="bbox 187 1019 1478 1074; baseline 0.003 -14"><span class='ocrx_word' id='word_1_105' title='bbox 187 1019 317 1062; x_wconf 79' lang='lat' dir='ltr'>Clusio</span> <span class='ocrx_word' id='word_1_106' title='bbox 351 1020 544 1074; x_wconf 83' lang='lat' dir='ltr'>desumpta</span> <span class='ocrx_word' id='word_1_107' title='bbox 578 1021 645 1061; x_wconf 90' lang='lat' dir='ltr'>suit</span> <span class='ocrx_word' id='word_1_108' title='bbox 666 1051 677 1071; x_wconf 84' lang='lat'>‚</span> <span class='ocrx_word' id='word_1_109' title='bbox 712 1021 759 1061; x_wconf 90' lang='lat' dir='ltr'>de</span> <span class='ocrx_word' id='word_1_110' title='bbox 777 1020 878 1059; x_wconf 79' lang='lat' dir='ltr'>cuius</span> <span class='ocrx_word' id='word_1_111' title='bbox 898 1019 1149 1072; x_wconf 86' lang='lat' dir='ltr'>descriptione</span> <span class='ocrx_word' id='word_1_112' title='bbox 1176 1021 1296 1062; x_wconf 80' lang='lat' dir='ltr'>Raius</span> <span class='ocrx_word' id='word_1_113' title='bbox 1321 1022 1478 1065; x_wconf 81' lang='lat' dir='ltr'>eandem</span> 
     </span>
     <span class='ocr_line' id='line_1_15' title="bbox 184 1085 609 1139; baseline 0 -16"><span class='ocrx_word' id='word_1_114' title='bbox 184 1085 427 1139; x_wconf 76' lang='lat' dir='ltr'>suspicionem</span> <span class='ocrx_word' id='word_1_115' title='bbox 463 1094 609 1125; x_wconf 91' lang='lat' dir='ltr'>mouet.</span> 
     </span>
    </p>

    <p class='ocr_par' dir='ltr' id='par_1_4' title="bbox 181 1144 1481 2155">
     <span class='ocr_line' id='line_1_16' title="bbox 341 1144 1481 1198; baseline 0.002 -9"><span class='ocrx_word' id='word_1_116' title='bbox 341 1149 384 1190; x_wconf 92' lang='lat' dir='ltr'>In</span> <span class='ocrx_word' id='word_1_117' title='bbox 421 1147 689 1188; x_wconf 78' lang='lat' dir='ltr'>Commentar.</span> <span class='ocrx_word' id='word_1_118' title='bbox 728 1147 803 1187; x_wconf 89' lang='lat' dir='ltr'>Ac.</span> <span class='ocrx_word' id='word_1_119' title='bbox 837 1144 903 1186; x_wconf 90' lang='lat' dir='ltr'>Sc.</span> <span class='ocrx_word' id='word_1_120' title='bbox 940 1146 1053 1187; x_wconf 79' lang='lat' dir='ltr'>Paris.</span> <span class='ocrx_word' id='word_1_121' title='bbox 1093 1159 1163 1198; x_wconf 73' lang='lat'>172</span> <span class='ocrx_word' id='word_1_122' title='bbox 1185 1159 1205 1197; x_wconf 83' lang='grc' dir='ltr'><em>ς</em></span> <span class='ocrx_word' id='word_1_123' title='bbox 1263 1144 1481 1191; x_wconf 74' lang='lat' dir='ltr'>Surrazinus</span> 
     </span>
     <span class='ocr_line' id='line_1_17' title="bbox 186 1210 1478 1265; baseline 0.002 -13"><span class='ocrx_word' id='word_1_124' title='bbox 186 1225 341 1253; x_wconf 86' lang='lat' dir='ltr'>murem</span> <span class='ocrx_word' id='word_1_125' title='bbox 372 1245 382 1264; x_wconf 84' lang='lat'>,</span> <span class='ocrx_word' id='word_1_126' title='bbox 433 1211 637 1252; x_wconf 86' lang='lat' dir='ltr'>Moschum</span> <span class='ocrx_word' id='word_1_127' title='bbox 693 1210 964 1258; x_wconf 86' lang='lat' dir='ltr'>redolentem,</span> <span class='ocrx_word' id='word_1_128' title='bbox 1015 1211 1225 1252; x_wconf 77' lang='lat' dir='ltr'>Americae</span> <span class='ocrx_word' id='word_1_129' title='bbox 1281 1213 1478 1265; x_wconf 79' lang='lat' dir='ltr'>incolum,</span> 
     </span>
     <span class='ocr_line' id='line_1_18' title="bbox 181 1273 1480 1330; baseline 0.001 -14"><span class='ocrx_word' id='word_1_130' title='bbox 181 1276 354 1316; x_wconf 89' lang='lat' dir='ltr'>describit</span> <span class='ocrx_word' id='word_1_131' title='bbox 375 1308 384 1325; x_wconf 85' lang='lat'>,</span> <span class='ocrx_word' id='word_1_132' title='bbox 418 1288 438 1315; x_wconf 81' lang='lat' dir='ltr'>a</span> <span class='ocrx_word' id='word_1_133' title='bbox 469 1287 546 1328; x_wconf 88' lang='lat' dir='ltr'>quo</span> <span class='ocrx_word' id='word_1_134' title='bbox 576 1274 701 1313; x_wconf 89' lang='lat' dir='ltr'>noster</span> <span class='ocrx_word' id='word_1_135' title='bbox 730 1274 896 1313; x_wconf 89' lang='lat' dir='ltr'>omnino</span> <span class='ocrx_word' id='word_1_136' title='bbox 928 1273 1063 1313; x_wconf 84' lang='lat' dir='ltr'>differt.</span> <span class='ocrx_word' id='word_1_137' title='bbox 1103 1273 1155 1330; x_wconf 87' lang='lat'>1.)</span> <span class='ocrx_word' id='word_1_138' title='bbox 1189 1275 1364 1315; x_wconf 88' lang='lat' dir='ltr'>Odorem</span> <span class='ocrx_word' id='word_1_139' title='bbox 1400 1289 1480 1318; x_wconf 92' lang='lat' dir='ltr'>non</span> 
     </span>
     <span class='ocr_line' id='line_1_19' title="bbox 184 1337 1481 1392; baseline 0.001 -13"><span class='ocrx_word' id='word_1_140' title='bbox 184 1349 263 1379; x_wconf 78' lang='lat' dir='ltr'>tam</span> <span class='ocrx_word' id='word_1_141' title='bbox 298 1351 452 1392; x_wconf 74' lang='lat' dir='ltr'>grauem</span> <span class='ocrx_word' id='word_1_142' title='bbox 486 1339 613 1378; x_wconf 88' lang='lat' dir='ltr'>noster</span> <span class='ocrx_word' id='word_1_143' title='bbox 648 1337 758 1389; x_wconf 71' lang='lat' dir='ltr'>spirat</span> <span class='ocrx_word' id='word_1_144' title='bbox 779 1369 788 1387; x_wconf 85' lang='lat'>,</span> <span class='ocrx_word' id='word_1_145' title='bbox 822 1337 884 1390; x_wconf 84' lang='lat' dir='ltr'>qui</span> <span class='ocrx_word' id='word_1_146' title='bbox 919 1338 1197 1378; x_wconf 80' lang='lat' dir='ltr'>Anatomicum</span> <span class='ocrx_word' id='word_1_147' title='bbox 1240 1340 1379 1385; x_wconf 68' lang='lat' dir='ltr'>duabus</span> <span class='ocrx_word' id='word_1_148' title='bbox 1419 1342 1481 1380; x_wconf 78' lang='lat' dir='ltr'>vi·</span> 
     </span>
     <span class='ocr_line' id='line_1_20' title="bbox 183 1401 1478 1455; baseline 0.002 -13"><span class='ocrx_word' id='word_1_149' title='bbox 183 1403 286 1442; x_wconf 87' lang='lat' dir='ltr'>cibus</span> <span class='ocrx_word' id='word_1_150' title='bbox 330 1403 366 1441; x_wconf 90' lang='lat' dir='ltr'>in</span> <span class='ocrx_word' id='word_1_151' title='bbox 409 1402 613 1455; x_wconf 85' lang='lat' dir='ltr'>deliquium</span> <span class='ocrx_word' id='word_1_152' title='bbox 667 1401 878 1452; x_wconf 76' lang='lat' dir='ltr'>coniiciat3</span> <span class='ocrx_word' id='word_1_153' title='bbox 940 1402 1115 1441; x_wconf 87' lang='lat' dir='ltr'>remedio</span> <span class='ocrx_word' id='word_1_154' title='bbox 1165 1404 1266 1443; x_wconf 86' lang='lat' dir='ltr'>enim</span> <span class='ocrx_word' id='word_1_155' title='bbox 1322 1403 1478 1444; x_wconf 69' lang='lat' dir='ltr'>vstionis</span> 
     </span>
     <span class='ocr_line' id='line_1_21' title="bbox 183 1463 1475 1520; baseline 0.001 -15"><span class='ocrx_word' id='word_1_156' title='bbox 183 1467 383 1520; x_wconf 85' lang='lat' dir='ltr'>pilorum,</span> <span class='ocrx_word' id='word_1_157' title='bbox 433 1467 533 1519; x_wconf 83' lang='lat' dir='ltr'>quod</span> <span class='ocrx_word' id='word_1_158' title='bbox 586 1463 771 1505; x_wconf 71' lang='lat' dir='ltr'>Sarrazini</span> <span class='ocrx_word' id='word_1_159' title='bbox 823 1465 980 1504; x_wconf 89' lang='lat' dir='ltr'>cerebro</span> <span class='ocrx_word' id='word_1_160' title='bbox 1012 1475 1213 1518; x_wconf 71' lang='lat' dir='ltr'>tantopere</span> <span class='ocrx_word' id='word_1_161' title='bbox 1255 1469 1475 1518; x_wconf 83' lang='lat' dir='ltr'>conduxit,</span> 
     </span>
     <span class='ocr_line' id='line_1_22' title="bbox 183 1527 1477 1583; baseline 0.001 -14"><span class='ocrx_word' id='word_1_162' title='bbox 183 1530 269 1569; x_wconf 88' lang='lat' dir='ltr'>licet</span> <span class='ocrx_word' id='word_1_163' title='bbox 303 1529 399 1568; x_wconf 83' lang='lat' dir='ltr'>haud</span> <span class='ocrx_word' id='word_1_164' title='bbox 434 1528 517 1568; x_wconf 76' lang='lat' dir='ltr'>vsus</span> <span class='ocrx_word' id='word_1_165' title='bbox 552 1529 619 1568; x_wconf 81' lang='lat' dir='ltr'>sim</span> <span class='ocrx_word' id='word_1_166' title='bbox 641 1560 651 1579; x_wconf 82' lang='lat'>,</span> <span class='ocrx_word' id='word_1_167' title='bbox 685 1527 831 1567; x_wconf 59' lang='lat' dir='ltr'>erectus</span> <span class='ocrx_word' id='word_1_168' title='bbox 862 1538 993 1568; x_wconf 75' lang='lat' dir='ltr'>tamen</span> <span class='ocrx_word' id='word_1_169' title='bbox 1030 1529 1161 1569; x_wconf 73' lang='lat' dir='ltr'>mansi.</span> <span class='ocrx_word' id='word_1_170' title='bbox 1199 1527 1256 1583; x_wconf 86' lang='lat'>2.)</span> <span class='ocrx_word' id='word_1_171' title='bbox 1291 1532 1477 1570; x_wconf 86' lang='lat' dir='ltr'>Auriculis</span> 
     </span>
     <span class='ocr_line' id='line_1_23' title="bbox 184 1590 1476 1645; baseline 0.001 -14"><span class='ocrx_word' id='word_1_172' title='bbox 184 1592 437 1632; x_wconf 79' lang='lat' dir='ltr'>Americanus</span> <span class='ocrx_word' id='word_1_173' title='bbox 464 1591 602 1643; x_wconf 78' lang='lat' dir='ltr'>gaudet</span> <span class='ocrx_word' id='word_1_174' title='bbox 623 1622 633 1640; x_wconf 91' lang='lat'>‚</span> <span class='ocrx_word' id='word_1_175' title='bbox 667 1591 787 1631; x_wconf 86' lang='lat' dir='ltr'>noster</span> <span class='ocrx_word' id='word_1_176' title='bbox 820 1591 940 1631; x_wconf 88' lang='lat' dir='ltr'>nullis.</span> <span class='ocrx_word' id='word_1_177' title='bbox 980 1590 1038 1645; x_wconf 86' lang='lat'>3.)</span> <span class='ocrx_word' id='word_1_178' title='bbox 1073 1592 1185 1632; x_wconf 85' lang='lat' dir='ltr'>Oculi</span> <span class='ocrx_word' id='word_1_179' title='bbox 1238 1593 1476 1633; x_wconf 83' lang='lat' dir='ltr'>Americano</span> 
     </span>
     <span class='ocr_line' id='line_1_24' title="bbox 184 1653 1474 1708; baseline 0.001 -13"><span class='ocrx_word' id='word_1_180' title='bbox 184 1655 314 1706; x_wconf 79' lang='lat' dir='ltr'>magni</span> <span class='ocrx_word' id='word_1_181' title='bbox 344 1653 423 1693; x_wconf 88' lang='lat' dir='ltr'>sunt</span> <span class='ocrx_word' id='word_1_182' title='bbox 444 1685 454 1701; x_wconf 88' lang='lat'>‚</span> <span class='ocrx_word' id='word_1_183' title='bbox 491 1654 617 1694; x_wconf 82' lang='lat' dir='ltr'>nostro</span> <span class='ocrx_word' id='word_1_184' title='bbox 636 1656 754 1708; x_wconf 76' lang='lat' dir='ltr'>parui.</span> <span class='ocrx_word' id='word_1_185' title='bbox 793 1653 854 1708; x_wconf 87' lang='lat'>4.)</span> <span class='ocrx_word' id='word_1_186' title='bbox 892 1655 935 1695; x_wconf 90' lang='lat' dir='ltr'>ln</span> <span class='ocrx_word' id='word_1_187' title='bbox 957 1657 1086 1695; x_wconf 86' lang='lat' dir='ltr'>nostro</span> <span class='ocrx_word' id='word_1_188' title='bbox 1103 1656 1275 1695; x_wconf 77' lang='lat' dir='ltr'>foramen</span> <span class='ocrx_word' id='word_1_189' title='bbox 1298 1689 1308 1707; x_wconf 80' lang='lat'>‚</span> <span class='ocrx_word' id='word_1_190' title='bbox 1340 1658 1474 1696; x_wconf 77' lang='lat' dir='ltr'>vrinae</span> 
     </span>
     <span class='ocr_line' id='line_1_25' title="bbox 183 1718 1474 1771; baseline 0.001 -13"><span class='ocrx_word' id='word_1_191' title='bbox 183 1719 394 1758; x_wconf 84' lang='lat' dir='ltr'>excretioni</span> <span class='ocrx_word' id='word_1_192' title='bbox 428 1718 655 1771; x_wconf 80' lang='lat' dir='ltr'>singulariter</span> <span class='ocrx_word' id='word_1_193' title='bbox 691 1719 911 1759; x_wconf 78' lang='lat' dir='ltr'>destinatum</span> <span class='ocrx_word' id='word_1_194' title='bbox 935 1751 945 1769; x_wconf 83' lang='lat'>‚</span> <span class='ocrx_word' id='word_1_195' title='bbox 994 1720 1095 1771; x_wconf 84' lang='lat' dir='ltr'>quod</span> <span class='ocrx_word' id='word_1_196' title='bbox 1146 1721 1182 1759; x_wconf 91' lang='lat' dir='ltr'>in</span> <span class='ocrx_word' id='word_1_197' title='bbox 1239 1720 1474 1759; x_wconf 83' lang='lat' dir='ltr'>Americano</span> 
     </span>
     <span class='ocr_line' id='line_1_26' title="bbox 183 1782 1470 1836; baseline 0.001 -14"><span class='ocrx_word' id='word_1_198' title='bbox 183 1782 397 1822; x_wconf 78' lang='lat' dir='ltr'>obseruatur</span> <span class='ocrx_word' id='word_1_199' title='bbox 422 1811 432 1829; x_wconf 87' lang='lat'>,</span> <span class='ocrx_word' id='word_1_200' title='bbox 468 1782 577 1822; x_wconf 79' lang='lat' dir='ltr'>deest.</span> <span class='ocrx_word' id='word_1_201' title='bbox 622 1783 680 1836; x_wconf 84' lang='lat'>5.)</span> <span class='ocrx_word' id='word_1_202' title='bbox 716 1782 890 1822; x_wconf 81' lang='lat' dir='ltr'>Testiculi</span> <span class='ocrx_word' id='word_1_203' title='bbox 933 1792 971 1821; x_wconf 84' lang='lat' dir='ltr'>et</span> <span class='ocrx_word' id='word_1_204' title='bbox 1003 1782 1152 1821; x_wconf 87' lang='lat' dir='ltr'>folliculi</span> <span class='ocrx_word' id='word_1_205' title='bbox 1189 1784 1304 1823; x_wconf 66' lang='lat' dir='ltr'>muria·</span> <span class='ocrx_word' id='word_1_206' title='bbox 1347 1783 1470 1823; x_wconf 84' lang='lat' dir='ltr'>Ame-</span> 
     </span>
     <span class='ocr_line' id='line_1_27' title="bbox 186 1845 1467 1898; baseline 0.002 -12"><span class='ocrx_word' id='word_1_207' title='bbox 186 1845 301 1886; x_wconf 75' lang='lat' dir='ltr'>ricnni</span> <span class='ocrx_word' id='word_1_208' title='bbox 357 1857 431 1884; x_wconf 89' lang='lat' dir='ltr'>non</span> <span class='ocrx_word' id='word_1_209' title='bbox 476 1845 542 1884; x_wconf 81' lang='lat' dir='ltr'>nisi</span> <span class='ocrx_word' id='word_1_210' title='bbox 585 1846 695 1886; x_wconf 83' lang='lat' dir='ltr'>oestri</span> <span class='ocrx_word' id='word_1_211' title='bbox 736 1846 888 1885; x_wconf 58' lang='lat' dir='ltr'>venerei</span> <span class='ocrx_word' id='word_1_212' title='bbox 941 1856 1119 1898; x_wconf 88' lang='lat' dir='ltr'>tempore</span> <span class='ocrx_word' id='word_1_213' title='bbox 1163 1847 1467 1898; x_wconf 76' lang='lat' dir='ltr'>magnitudinem</span> 
     </span>
     <span class='ocr_line' id='line_1_28' title="bbox 185 1909 1470 1962; baseline 0.002 -13"><span class='ocrx_word' id='word_1_214' title='bbox 185 1909 300 1949; x_wconf 75' lang='lat' dir='ltr'>tulcm</span> <span class='ocrx_word' id='word_1_215' title='bbox 336 1909 556 1960; x_wconf 77' lang='lat' dir='ltr'>acquirunt,</span> <span class='ocrx_word' id='word_1_216' title='bbox 606 1923 697 1962; x_wconf 72' lang='lat' dir='ltr'>quae</span> <span class='ocrx_word' id='word_1_217' title='bbox 738 1910 844 1949; x_wconf 81' lang='lat' dir='ltr'>facile</span> <span class='ocrx_word' id='word_1_218' title='bbox 895 1910 955 1949; x_wconf 88' lang='lat' dir='ltr'>sub</span> <span class='ocrx_word' id='word_1_219' title='bbox 1005 1910 1119 1948; x_wconf 79' lang='lat' dir='ltr'>sensus</span> <span class='ocrx_word' id='word_1_220' title='bbox 1169 1911 1298 1961; x_wconf 75' lang='lat' dir='ltr'>cadit,</span> <span class='ocrx_word' id='word_1_221' title='bbox 1352 1912 1470 1951; x_wconf 85' lang='lat' dir='ltr'>nostri</span> 
     </span>
     <span class='ocr_line' id='line_1_29' title="bbox 185 1971 1470 2027; baseline 0.002 -15"><span class='ocrx_word' id='word_1_222' title='bbox 185 1983 360 2024; x_wconf 81' lang='lat' dir='ltr'>tempore</span> <span class='ocrx_word' id='word_1_223' title='bbox 381 2004 390 2022; x_wconf 84' lang='lat'>‚</span> <span class='ocrx_word' id='word_1_224' title='bbox 424 1984 498 2024; x_wconf 80' lang='lat' dir='ltr'>quo</span> <span class='ocrx_word' id='word_1_225' title='bbox 517 1971 610 2011; x_wconf 71' lang='lat' dir='ltr'>null-,1</span> <span class='ocrx_word' id='word_1_226' title='bbox 637 1973 749 2013; x_wconf 77' lang='lat' dir='ltr'>nestri</span> <span class='ocrx_word' id='word_1_227' title='bbox 777 1972 930 2027; x_wconf 79' lang='lat' dir='ltr'>suspicio</span> <span class='ocrx_word' id='word_1_228' title='bbox 948 1973 999 2012; x_wconf 80' lang='lat' dir='ltr'>est</span> <span class='ocrx_word' id='word_1_229' title='bbox 1020 2006 1029 2023; x_wconf 83' lang='lat'>,</span> <span class='ocrx_word' id='word_1_230' title='bbox 1067 1974 1365 2025; x_wconf 71' lang='lat' dir='ltr'>magnitudinem</span> <span class='ocrx_word' id='word_1_231' title='bbox 1395 1976 1470 2014; x_wconf 82' lang='lat' dir='ltr'>fere</span> 
     </span>
     <span class='ocr_line' id='line_1_30' title="bbox 183 2035 1470 2091; baseline 0.002 -15"><span class='ocrx_word' id='word_1_232' title='bbox 183 2038 371 2077; x_wconf 73' lang='lat' dir='ltr'>maiorem</span> <span class='ocrx_word' id='word_1_233' title='bbox 407 2036 589 2075; x_wconf 71' lang='lat' dir='ltr'>obtinent.</span> <span class='ocrx_word' id='word_1_234' title='bbox 625 2035 684 2090; x_wconf 87' lang='lat'>6.)</span> <span class='ocrx_word' id='word_1_235' title='bbox 719 2037 835 2091; x_wconf 76' lang='lat' dir='ltr'>Quod</span> <span class='ocrx_word' id='word_1_236' title='bbox 869 2046 975 2076; x_wconf 87' lang='lat' dir='ltr'>certo</span> <span class='ocrx_word' id='word_1_237' title='bbox 1007 2037 1053 2076; x_wconf 87' lang='lat' dir='ltr'>de</span> <span class='ocrx_word' id='word_1_238' title='bbox 1102 2036 1273 2077; x_wconf 71' lang='lat' dir='ltr'>folliculis</span> <span class='ocrx_word' id='word_1_239' title='bbox 1308 2039 1470 2079; x_wconf 86' lang='lat' dir='ltr'>Ameri-</span> 
     </span>
     <span class='ocr_line' id='line_1_31' title="bbox 185 2099 1464 2155; baseline 0.001 -14"><span class='ocrx_word' id='word_1_240' title='bbox 185 2102 268 2141; x_wconf 83' lang='lat' dir='ltr'>cani</span> <span class='ocrx_word' id='word_1_241' title='bbox 317 2099 431 2139; x_wconf 79' lang='lat' dir='ltr'>muris</span> <span class='ocrx_word' id='word_1_242' title='bbox 479 2099 639 2140; x_wconf 79' lang='lat' dir='ltr'>asseritur</span> <span class='ocrx_word' id='word_1_243' title='bbox 675 2132 686 2151; x_wconf 90' lang='lat'>,</span> <span class='ocrx_word' id='word_1_244' title='bbox 735 2101 835 2152; x_wconf 88' lang='lat' dir='ltr'>quod</span> <span class='ocrx_word' id='word_1_245' title='bbox 888 2102 1072 2155; x_wconf 79' lang='lat' dir='ltr'>principia</span> <span class='ocrx_word' id='word_1_246' title='bbox 1132 2102 1257 2142; x_wconf 78' lang='lat' dir='ltr'>odoris</span> <span class='ocrx_word' id='word_1_247' title='bbox 1310 2101 1464 2142; x_wconf 83' lang='lat' dir='ltr'>Moschi</span> 
     </span>
    </p>

    <p class='ocr_par' dir='ltr' id='par_1_5' title="bbox 752 2159 1462 2207">
     <span class='ocr_line' id='line_1_32' title="bbox 752 2159 1462 2207; baseline 0.006 -6"><span class='ocrx_word' id='word_1_248' title='bbox 752 2159 786 2201; x_wconf 93' lang='lat' dir='ltr'>C</span> <span class='ocrx_word' id='word_1_249' title='bbox 806 2177 825 2203; x_wconf 92' lang='lat' dir='ltr'>c</span> <span class='ocrx_word' id='word_1_250' title='bbox 845 2177 865 2204; x_wconf 91' lang='lat' dir='ltr'>c</span> <span class='ocrx_word' id='word_1_251' title='bbox 886 2177 909 2202; x_wconf 87' lang='lat'>2</span> <span class='ocrx_word' id='word_1_252' title='bbox 1240 2167 1462 2207; x_wconf 81' lang='lat' dir='ltr'>contineant</span> 
     </span>
    </p>
   </div>
  </div>
 </body>
</html>
