2013 2703
711 174 744 248 >i
786 201 840 242 57
872 175 907 247 )(Ι

750 317 844 369 vlv.

233 447 558 528 Descriptio
636 443 919 503 Animalis
993 442 1328 504 Moschiferi
1358 488 1377 516 ,

429 528 650 592 Ruffice
710 528 979 606 Kabarga
1033 527 1188 586 dieti.

237 618 496 683 Atl&ore
559 615 634 675 10.
685 612 816 672 Ge0.
861 610 1083 672 Gmelln
1133 632 1190 694 p.
1246 633 1371 694 393.

149 769 329 885 Quae
362 781 408 821 de
441 777 612 821 Animali
655 777 883 819 moschifero
916 777 1127 818 auetoribus
1162 776 1359 818 historiam
1404 774 1472 818 na-⁴

296 845 454 884 ruralem
491 843 742 884 trac‘tantibus
793 844 1067 891 innotuerunt,
1119 841 1195 882 sola
1229 842 1304 882 fere
1356 853 1471 895 pere·

147 910 377 962 griuantium
421 908 494 948 fide
545 908 612 947 niti
650 910 686 947 in
719 906 886 947 confesso
920 906 985 947 est.
1038 905 1109 946 Ast
1158 906 1298 947 horum
1351 917 1472 946 nemo

147 975 232 1013 data
266 986 381 1027 opera
424 974 462 1012 in
496 973 534 1012 id
586 972 783 1024 incubuit,
836 981 879 1012 vt
925 980 1134 1012 accuratam
1170 981 1209 1011 et
1261 970 1471 1024 pleniorem

147 1037 194 1076 de
230 1035 306 1077 hoc
340 1037 507 1078 animali
538 1037 716 1076 notitiam
758 1036 998 1090 adquireret,
1041 1048 1130 1076 cum
1166 1035 1317 1076 eruditis
1359 1046 1470 1075 com-

149 1101 434 1140 municandam.
502 1100 577 1140 Pro
609 1100 727 1151 vulgo
758 1100 929 1152 scripsiffe
961 1101 1142 1140 videntur
1161 1133 1172 1152 ,
1203 1099 1357 1155 quosuis
1409 1099 1472 1138 in-

144 1159 274 1202 ‘certos
327 1174 497 1202 rumores
530 1163 576 1219 in*
604 1162 746 1201 tabulas
778 1162 980 1202 referentes
999 1194 1009 1211 ,
1044 1164 1191 1203 indoffi
1222 1164 1472 1216 plerumque,

153 1237 192 1266 et
225 1227 271 1266 ad
307 1240 349 1267 ca
382 1237 516 1279 parum
551 1226 719 1272 attenti,
773 1237 868 1277 quae
901 1224 1138 1277 potissimum
1173 1227 1356 1279 respicere
1406 1227 1471 1265 de-

149 1287 326 1329 buissent.
393 1289 492 1329 Hinc
524 1297 627 1329 tanta
661 1288 891 1341 opinionum
911 1288 1129 1341 diuersitas,
1164 1298 1244 1328 tam
1266 1288 1350 1328 falsa
1372 1287 1476 1329 mul-

148 1360 186 1392 ta
220 1354 369 1407 prodita
391 1386 402 1405 ,
434 1363 514 1392 tam
551 1363 716 1404 manca,
751 1360 832 1391 tam
868 1352 1008 1392 incerta
1044 1353 1178 1393 omnia
1200 1384 1211 1404 ‚
1246 1360 1289 1391 vt
1321 1351 1476 1406 Oedipo

150 1428 250 1471 opus
283 1417 326 1457 sit
347 1448 358 1468 ,
402 1418 603 1456 veritatem
636 1415 826 1467 diuinare,
869 1428 1061 1470 eamque,
1115 1417 1183 1457 nisi
1217 1415 1377 1456 ocularis
1416 1418 1479 1457 in·-

150 1481 294 1535 spcstio
333 1482 505 1522 animalis
536 1481 720 1531 accedat,
756 1479 802 1520 ab
835 1492 1005 1521 errorum
1038 1480 1202 1521 iordibus
1236 1489 1476 1534 repurgatam

150 1539 193 1586 in
229 1545 356 1586 lucem
394 1547 616 1599 producere.
650 1544 752 1601 Quid
787 1543 977 1598 ineptius,
1011 1558 1124 1599 quam
1159 1546 1262 1600 quod
1294 1545 1354 1585 alii
1390 1549 1478 1587 aui—

149 1601 230 1649 ,mal
258 1609 524 1651 mosthiferum
558 1608 820 1662 magnitudine
853 1621 1038 1661 ceruum,
1072 1610 1130 1650 ahi
1163 1611 1338 1664 leporem
1361 1643 1372 1662 ‚
1414 1618 1479 1650 aut

152 1682 279 1714 catum
333 1675 510 1716 aemulari
563 1674 718 1714 fabulati
752 1672 869 1715 sunt?
920 1675 974 1715 Hi
1016 1674 1198 1727 postremi
1233 1687 1322 1714 cum
1374 1672 1477 1714 Cato

155 1737 346 1778 zibethico
380 1738 467 1779 illud
499 1738 698 1779 confudisti:
732 1738 920 1779 videntur.
989 1739 1071 1779 Alii
1103 1752 1244 1779 cornua
1278 1737 1329 1777 illi
1362 1737 1472 1778 affin-

158 1811 294 1842 xerunt
313 1835 323 1854 ,
358 1815 449 1857 quae
471 1836 481 1854 ,
515 1814 560 1843 vt
593 1813 635 1843 rt
655 1801 837 1842 falsissima
857 1803 991 1856 opinio
1012 1835 1022 1854 ,
1058 1812 1095 1842 et
1115 1816 1133 1842 a
1157 1804 1286 1842 multis
1309 1803 1384 1842 aliis
1418 1814 1476 1841 re-

160 1865 316 1915 probata
339 1899 350 1917 ,
399 1878 475 1907 tarn
513 1868 604 1907 altas
639 1867 713 1919 egit
767 1867 936 1918 radices,
988 1876 1031 1906 Π
1064 1865 1231 1907 Kleinius
1268 1866 1340 1906 Vir
1390 1863 1477 1906 Cel.

157 1927 354 1968 sententias
384 1931 533 1971 diuerfils
564 1931 763 1971 conciliare
795 1931 954 1983 cupiens
974 1961 983 1979 >
1019 1929 1248 1986 (Quadrup.
1287 1945 1326 1984 p.
1366 1926 1471 1984 13.)

158 1986 399 2043 Esfiharum
441 1995 532 2036 alios
567 2002 733 2035 cornutos
751 2028 761 2046 ,
814 1993 906 2036 allos
956 2007 1130 2036 excornes
1163 1996 1239 2034 elie
1293 1995 1474 2034 statuerit.

159 2055 242 2093 Alii
277 2057 404 2096 dentes
437 2057 618 2110 exsertos,
651 2060 715 2113 qui
752 2061 788 2097 in
824 2059 1006 2112 superiori
1040 2059 1196 2099 maxilla
1232 2060 1309 2099 lunt
1331 2091 1341 2109 ,
1377 2058 1476 2113 quasi

158 2118 198 2158 in
230 2117 302 2158 hoc
335 2118 388 2158 illi
422 2133 510 2160 cum
547 2135 643 2173 apro
674 2124 925 2172 conueniret,
981 2124 1018 2163 in
1058 2124 1276 2165 inferiorem
1310 2124 1475 2163 colloca-

157 2191 259 2223 runt.
298 2182 376 2223 Alii
409 2184 579 2237 lupinam
615 2185 749 2227 faciem
784 2188 935 2228 animali
968 2188 1202 2239 tribuerunt,
1233 2187 1296 2227 alii
1315 2187 1475 2226 rostrum

160 2247 378 2300 porcinum.
417 2248 560 2290 Pellem
594 2249 653 2291 alii
672 2251 872 2292 candidam
893 2285 904 2305 ,
934 2251 999 2293 alii
1032 2253 1177 2309 nigram
1199 2251 1476 2302 descripserunt.

793 2314 822 2356 h
1375 2314 1478 2356 Aliis
