2013 2703
562 131 1137 183 RVPchPR.A
1387 139 1478 181 5389

208 259 338 312 rugosa
359 292 368 309 ,
404 258 587 312 reliquam
624 265 773 309 partem
796 267 874 294 non
900 255 966 295 nisi
998 251 1188 295 leuiffimis
1214 252 1311 305 rugis
1338 249 1484 302 conspi-

203 337 275 366 ,ειη
296 356 307 373 ,
343 335 444 362 retro
480 323 514 362 in
550 320 733 361 circulum
768 319 844 359 stre
876 319 1105 369 fleetuntur,
1149 319 1198 357 ita
1236 325 1365 356 tamen
1393 348 1403 367 ‚
1447 323 1490 353 vt

212 388 431 426 extremitas
472 386 662 439 paululum
707 384 812 437 supra
853 392 893 422 et
931 393 1039 423 extra
1078 390 1260 422 vertatur.
1336 382 1491 427 Aures,

211 464 302 503 qaas
337 450 476 490 animal
511 450 729 502 plerumque
763 448 903 488 creans
934 449 1058 500 gerit,
1091 446 1332 486 mediocriter
1365 444 1461 483 latae
1481 473 1493 492 ,

213 525 326 554 acuto
360 516 468 566 apice
505 513 763 553 terminantur.
811 511 927 550 Pedes
960 510 1106 562 vngulis
1141 509 1265 550 bifidis
1298 506 1493 558 instructi,

213 577 416 618 anteriores
451 583 464 626 ξ
501 576 612 616 vlnae
644 575 779 627 longi,
816 573 1038 626 posteriores
1071 573 1269 625 longiores,
1341 571 1496 612 Anteri-

215 642 340 681 oribns
362 670 372 687 ‚
408 640 507 679 recta
545 639 641 678 linea
677 638 867 689 extensi-2,
901 637 1040 677 animal
1073 637 1223 689 semper
1258 636 1350 676 stare
1379 635 1465 674 solet
1485 666 1496 683 ,

219 703 482 758 posterioribus
502 737 512 753 ,
533 714 609 742 non
631 701 696 741 nisi
716 702 935 752 incurristis,
957 703 995 741 in
1018 701 1127 753 plano
1147 699 1375 740 horizontaii
1396 699 1499 737 inre-

216 768 304 820 dit;
341 777 578 807 ctiruaturam
615 779 713 806 vero
748 779 821 819 pro
852 767 995 806 ratione
1029 766 1162 818 plani,
1196 766 1257 804 cui
1278 764 1412 813 instat,
1444 761 1497 801 di-

217 832 340 884 rigere
373 831 519 871 videtur
533 860 544 878 ,
580 832 626 871 ita
649 863 659 882 ‚
693 840 735 870 vt
756 831 978 884 praecipitia
997 829 1283 869 conscendendo
1301 840 1367 867 eos
1386 826 1424 865 in
1444 837 1502 864 re-

218 894 326 934 &um
357 893 433 934 fere
465 895 650 935 extendat
685 921 699 943 ,ι
748 905 848 947 quae·
882 894 1153 947 opportunitas
1190 892 1240 932 ob
1277 892 1360 931 loca
1395 901 1503 942 prae-

219 967 358 1009 rupta,
393 969 486 1009 quae
521 958 727 999 inhabitare
761 958 884 1010 solet,
919 971 938 997 a
973 969 1101 998 natura
1136 957 1208 1010 ipsi
1237 951 1412 996 concessa
1437 952 1501 991 est.

221 1018 352 1060 Cauda
388 1020 510 1060 breuis
543 1024 715 1061 ceruinae
749 1022 870 1060 instar.
905 1021 982 1060 Sub
1015 1022 1118 1060 collo
1139 1020 1285 1072 paleare
1303 1017 1506 1070 dependet.

224 1081 344 1124 Color
385 1084 520 1136 capitis
558 1094 598 1123 et
630 1084 745 1124 totius
780 1085 948 1136 corporis
982 1083 1129 1136 gryseus
1163 1083 1209 1122 ad
1242 1082 1382 1122 fuscum
1420 1092 1510 1119 vei-⁴

225 1159 319 1200 gens
348 1157 438 1186 erat.
510 1147 578 1188 Per
611 1147 786 1188 medium
820 1147 974 1187 dorsum
995 1179 1005 1197 ,
1043 1148 1081 1186 in
1115 1147 1262 1186 natibus
1294 1155 1337 1185 et
1366 1144 1508 1198 pedum

226 1213 375 1251 interna
396 1220 503 1264 parte
522 1243 532 1260 ,
567 1221 610 1251 vt
635 1221 673 1250 et
693 1212 729 1249 in
750 1221 904 1258 ventre,
935 1211 1110 1250 lutel'cens
1136 1211 1245 1250 color
1265 1243 1274 1261 ,
1301 1210 1345 1249 ad
1374 1208 1511 1248 ruffum

228 1275 436 1327 aliqualiter
455 1273 655 1325 inclinans,
675 1264 868 1313 obtinebat
891 1307 900 1325 ,
921 1275 969 1313 ita
992 1286 1136 1322 tamen,
1159 1285 1201 1313 vt
1222 1276 1258 1313 in
1280 1283 1411 1312 ventre
1431 1271 1513 1324 pal-

227 1339 341 1378 lidior
359 1335 466 1377 effet.
490 1337 561 1377 Hic
581 1337 688 1377 color
708 1337 900 1388 hybernae
921 1339 1014 1377 velli
1038 1339 1227 1376 conuenit:
1250 1338 1352 1377 l'ilos
1371 1346 1514 1387 nempe

230 1413 305 1440 non
325 1401 386 1441 diu
407 1411 644 1453 mutauerat3
665 1401 783 1441 Vestis
802 1412 927 1441 autem
948 1403 1077 1441 aestiua
1102 1401 1263 1454 vndique
1283 1414 1304 1440 e
1324 1401 1426 1441 luteo
1444 1398 1517 1437 ruf-

227 1464 364 1505 festens
382 1465 446 1504 est.
468 1465 579 1505 Ferus
599 1475 690 1516 erat,
712 1478 783 1506 nec
805 1466 865 1505 vel
881 1467 1014 1506 decem
1036 1465 1214 1505 homines
1233 1466 1279 1505 ad
1297 1477 1387 1504 enm
1406 1475 1517 1503 coer-

229 1529 397 1567 cendum·
415 1531 494 1580 apti
516 1529 740 1569 videbantur
764 1543 774 1580 3
795 1531 978 1570 cornubus
998 1531 1098 1569 enim
1120 1529 1280 1582 pess'une
1300 1529 1404 1577 ferit,
1424 1528 1517 1566 viri-

231 1591 299 1629 bus
335 1592 515 1631 maximis
544 1592 708 1644 pollens..
740 1594 907 1633 Maximi
927 1607 1084 1634 ceruum
1116 1594 1306 1633 iuniorem
1328 1600 1518 1644 aequant3

234 1652 384 1694 Cornua
417 1667 511 1694 vero
559 1656 689 1696 adultis
719 1657 754 1696 in
789 1667 931 1697 tantam
977 1658 1120 1698 molem
1159 1656 1376 1697 excrel'tunt
1398 1686 1407 1703 ‚
1441 1664 1485 1693 Vt
1505 1684 1518 1699 ,

235 1718 397 1757 mensura
432 1719 625 1760 secundum
658 1732 893 1761 curuaturam
923 1723 1099 1774 sumpta,
1132 1722 1220 1761 duas
1257 1722 1358 1761 vlnas
1389 1718 1521 1770 longi-

233 1782 360 1822 tudine
395 1792 584 1835 aequent,
617 1794 654 1824 et
692 1797 767 1833 30.
802 1785 910 1825 libras
946 1786 1123 1839 pendant.

387 1846 571 1887 Foemina
603 1852 771 1890 masculo
820 1851 973 1903 semper
1006 1851 1133 1889 minor
1167 1849 1219 1888 est
1241 1881 1250 1898 ,
1304 1860 1392 1888 cum
1446 1847 1726 1899 quo'l'uvluss,

237 1910 283 1950 de
316 1920 466 1949 caetero
502 1911 568 1963 ipsi
602 1920 686 1953 toto
735 1915 908 1966 corporis
961 1914 1088 1953 habitu
1141 1912 1274 1952 exuere
1323 1911 1515 1952 con-uenit.
1555 1933 1701 1982 Fig.3.-

237 1971 393 2013 Cornua
428 1985 521 2013 vero
554 1974 626 2014 fert
658 1976 753 2018 hirci
803 1978 911 2019 instar
932 2012 941 2029 ,
994 1977 1150 2017 reeriora
1172 2010 1182 2028 ,
1234 1988 1300 2016 nec
1354 1975 1518 2018 multum

238 2038 398 2090 rugosa,
435 2049 570 2090 paruae
605 2041 746 2093 molis,
782 2043 934 2093 tenuia,
977 2054 1071 2095 quae
1106 2053 1174 2081 nec
1206 2051 1326 2081 aetate
1365 2039 1512 2081 molem

241 2102 364 2141 multo
407 2102 594 2143 maiorem
636 2108 839 2158 acquirunt.
894 2108 1024 2163 Quam
1068 2106 1182 2160 figura
1218 2105 1335 2154 sistit,
1377 2103 1519 2145 bimula

813 2169 847 2209 C
866 2184 887 2212 c
906 2184 924 2212 c
947 2182 970 2220 3
1417 2175 1497 2207 erat
1517 2196 1532 2214 ,J
