2013 2703
399 154 937 201 PARALLAXIN
970 157 1220 202 LVNAE
1348 171 1437 215 469

159 275 221 315 vel
255 274 398 314 vnitate
434 273 620 314 maiorem
644 303 653 321 ,
687 271 750 310 vel
783 284 912 324 parum
952 274 1157 314 minorem.
1226 274 1264 316 Si
1292 290 1354 318 ex.
1379 292 1432 331 gr.

159 348 200 377 vt
234 338 346 377 initio
377 338 482 377 huius
514 334 776 376 dissertationis
809 336 1076 390 proposuimus
1096 372 1105 389 ,
1147 339 1222 378 bini
1267 341 1438 383 obseram—

157 412 260 441 ποῖος
291 402 384 441 alter
418 400 610 454 Petropoli
630 431 640 448 ,
676 398 768 439 alter
800 401 837 440 in
874 411 969 441 terra
1005 399 1273 444 Camtsclmrka
1294 407 1329 444 in
1353 407 1438 447 sico

155 463 442 506 Bolscherezkoi
476 465 634 505 candem
671 463 794 503 stellae
826 464 1016 506 cuiusdam
1052 467 1152 506 fixie
1187 481 1205 507 a
1225 468 1331 509 Luna
1353 472 1435 511 ecli-

154 529 236 583 psin
270 531 374 570 iuxta
407 539 605 583 praecepta
637 525 740 580 supra
774 529 905 569 tradita
940 528 1176 570 obseruarent
1199 563 1208 581 ,
1257 534 1326 573 leui
1370 548 1433 573 ne-

155 595 265 647 gotio
291 605 341 633 ex
371 593 541 634 formulis
569 590 699 632 nostris
717 591 952 633 inueniemus
977 605 1145 633 errorem
1168 627 1177 646 ,
1209 596 1280 635 sine
1309 599 1344 636 in
1367 598 1434 638 dif-

152 657 307 698 ferentia
342 658 637 698 meridianorum
660 689 670 708 ,
703 656 775 697 fiue
808 657 849 697 in
883 657 958 710 ipfii
991 659 1250 700 obseruatione
1285 661 1363 701 sore
1389 664 1435 704 ad

153 732 327 762 errorem
368 722 454 762 inde
493 732 628 762 natum
665 722 704 760 in
744 720 923 773 parallaxi
964 721 1096 763 Lunae
1129 722 1357 765 horizontali
1392 736 1436 767 vt

157 799 201 837 3.
236 786 281 826 ad
323 797 362 824 1.
396 786 579 836 circiter,
611 785 686 826 hoc
720 784 803 836 est,
839 784 866 824 si
900 786 937 826 in
973 787 1223 828 differentiam
1258 790 1436 830 meridia-

150 860 288 890 norum
330 848 513 902 irrepserit
561 861 665 890 error
710 850 861 903 triginta
909 849 1142 891 minutorum
1189 853 1432 895 secundorum

149 912 366 966 temporis,
400 924 502 954 error
530 913 669 954 exinde
699 913 876 954 oriundus
907 913 947 952 in
981 914 1160 967 parallaxi
1179 913 1306 954 Lunae
1326 916 1437 958 hori-

150 975 291 1017 zontali
318 976 532 1029 aequabitur
563 988 632 1018 ιο.
662 988 810 1020 tantum
840 976 994 1018 minutis
1019 978 1182 1018 secundis
1208 983 1432 1032 aequatoris.

287 1036 557 1092 Supponamus
576 1043 712 1082 iterum
731 1069 742 1088 ‚
777 1039 986 1079 Parallaxin
1005 1038 1134 1081 Lunae
1161 1053 1211 1081 ex
1237 1043 1432 1096 Petropoli

149 1113 190 1144 et
223 1101 391 1144 Londini
418 1103 611 1144 obseruata
641 1103 740 1144 fixae
773 1115 795 1143 a
830 1101 934 1143 Luna
969 1103 1096 1157 eclipsi
1131 1105 1203 1145 effe
1241 1105 1432 1148 ded-ucen-

147 1169 266 1216 darn,
300 1167 529 1221 reperiemus
558 1179 726 1208 errorem
761 1167 796 1206 in
830 1166 1009 1220 parallaxi
1045 1168 1270 1210 horizontali
1300 1168 1430 1212 Lunae

147 1231 265 1271 errori
284 1231 323 1271 in
344 1232 639 1272 meridianorum
658 1230 909 1272 differentiam
940 1231 1099 1273 admisso
1116 1262 1126 1281 ‚
1160 1232 1276 1273 ferme
1296 1246 1427 1289 nequa-

143 1294 218 1336 lem
253 1294 292 1335 h.
329 1308 365 1336 e.
397 1308 505 1336 error
541 1307 593 1346 15
629 1297 724 1336 min.
759 1296 830 1336 sec.
862 1296 1073 1348 temporis,
1109 1296 1237 1337 sinein
1258 1297 1426 1339 differen-

145 1359 196 1397 tia
231 1359 531 1400 meridianorum
565 1358 845 1413 praedictorum
865 1358 1039 1399 locorum
1061 1392 1075 1411 ,
1102 1360 1176 1401 fine
1197 1362 1232 1400 in
1260 1361 1426 1403 obserua-

145 1423 250 1462 tione
293 1423 503 1477 eclipseos,
546 1424 751 1477 producere
788 1422 890 1463 valet
922 1435 1090 1464 errorem
1132 1436 1184 1474 15
1224 1428 1322 1465 min.
1357 1427 1424 1467 sec.

144 1488 353 1540 aequatoris
383 1487 421 1527 {tr
455 1488 636 1540 parallaxi
670 1486 897 1527 horizontali
932 1487 1048 1528 nostri
1081 1486 1259 1530 satellitis.

278 1550 381 1590 uine
422 1550 580 1591 vicissrm
625 1551 728 1591 fitcile
760 1551 965 1605 intelligere
1007 1553 1227 1606 poffumu5‚
1267 1564 1425 1606 quantus

141 1611 376 1653 certimdinis
400 1613 534 1667 gradus
564 1615 604 1655 in
647 1615 928 1655 determinanda
969 1616 1270 1656 meridianorum
1313 1619 1424 1659 diffe-

142 1675 259 1715 rentia
294 1678 341 1717 ab
373 1677 566 1731 eclipsibus
596 1677 759 1719 fimi-tim
790 1691 810 1719 a
844 1679 947 1719 Luna
981 1679 1022 1718 fit
1042 1679 1316 1732 expectamus.
1354 1682 1422 1723 Pa-

140 1749 195 1780 tet
227 1741 358 1792 enirn,
386 1739 484 1782 hanc
517 1743 743 1783 methodum
778 1744 851 1783 effe
870 1745 1046 1782 omnium
1072 1744 1291 1784 certitudine
1311 1758 1420 1798 prae·

138 1803 433 1856 nantiss'imam.‚
478 1809 629 1859 quando
659 1807 708 1847 de
747 1806 839 1847 locis
872 1808 908 1845 in
951 1806 1080 1846 tellure
1114 1808 1248 1847 vicinis
1288 1812 1416 1862 agitur.

138 1866 204 1908 De
239 1869 333 1908 locis
369 1879 497 1910 autem
542 1871 727 1922 positione
776 1871 1071 1911 determinandis
1122 1871 1235 1924 longe
1286 1873 1415 1915 dissitis

137 1932 165 1973 fi
208 1935 332 1973 sermo
364 1932 421 1973 est
447 1965 458 1983 ,
502 1933 598 1974 haud
638 1947 754 1989 aeque
806 1933 962 1975 feliciter
1014 1947 1070 1974 res
1115 1936 1287 1976 raecedit.
1371 1937 1414 1979 Si

136 2008 169 2036 e.
204 2010 239 2049 g.
287 1998 324 2038 in
367 1995 621 2038 differentiam
655 1999 952 2039 meridianorum
986 1997 1208 2051 Petropolin
1245 2001 1341 2041 inter
1374 2013 1414 2043 et

135 2061 265 2100 vicum
302 2059 592 2102 Bolscherezkoi
634 2061 702 2103 hac
746 2062 938 2103 methodo
983 2063 1244 2117 inquirendum
1287 2065 1414 2118 esset,

134 2125 171 2165 in
205 2125 387 2179 parallaxi
421 2135 551 2167 autem
583 2124 711 2168 Lunae
744 2127 973 2168 horizontali
1007 2137 1060 2168 ex
1084 2128 1216 2168 tabula
1231 2129 1416 2169 lunaribus

719 2190 768 2234 N
782 2204 807 2231 n
824 2205 848 2231 n
868 2205 894 2243 3
1344 2194 1410 2233 de·
