2013 2703
593 234 682 278 378
728 227 817 269 DE
859 216 1306 269 COHAESIONE
1335 219 1741 269 SOLIDORVM

594 344 749 385 vinculo
798 343 957 383 liberum
1017 342 1055 383 in
1106 341 1305 384 vastissima
1360 341 1619 396 atmosphaera
1671 358 1746 387 non
1797 360 1878 388 ma-

592 410 648 460 gis
701 406 753 445 est
805 407 957 460 sulphur
1010 407 1272 459 metallicum,
1322 419 1435 460 quam
1467 407 1631 447 animale
1666 410 1725 449 vel
1761 423 1878 464 vege-

594 471 708 510 tabile
753 499 764 518 ‚
816 472 876 510 sed
920 472 1149 526 principium
1193 483 1439 522 commune,
1474 481 1605 524 aptum
1642 471 1686 511 ad
1718 485 1877 526 corpora

593 545 835 588 quaecunque
877 535 1116 587 ingredienda
1152 567 1163 585 ,
1216 535 1392 589 liganda,
1445 535 1715 575 constituenda.
1780 536 1880 578 Hine

595 596 751 637 metalla
786 596 960 651 sulphure
993 597 1059 640 suo
1090 599 1221 639 orbata
1257 631 1268 650 ‚
1318 598 1394 639 hoc
1439 599 1575 640 iterum
1613 599 1796 652 recipiunt
1831 611 1880 640 ex

593 660 809 713 vegetabili.
855 659 896 702 Si
921 663 1066 703 etenim
1104 663 1285 703 materies
1314 662 1415 715 ptius
1442 675 1510 716 per
1538 662 1726 715 speculum
1755 664 1880 703 causti-

595 734 684 764 cum
713 724 915 766 vitrificata
949 726 986 765 in
1019 726 1193 780 cupella,
1227 726 1360 766 deinde
1389 726 1506 779 posita
1536 726 1639 780 supra
1674 728 1881 767 carbonem

592 785 759 828 funditur
793 790 930 830 iterum
965 801 1033 842 per
1065 791 1207 830 vitrum
1242 801 1380 840 wem,
1414 800 1500 830 tunc
1533 792 1622 830 ilico
1654 790 1776 830 induit
1804 792 1883 844 pri-

593 849 728 892 stinam
763 853 930 893 sormam
967 863 1006 892 et
1041 855 1172 907 recipit
1206 853 1375 894 indolem
1410 854 1658 894 metallicam.
1695 853 1787 894 lnde
1806 854 1850 894 fit
1871 887 1881 905 ,

593 913 698 968 quod
747 915 898 956 metalla
932 917 1088 968 carboni
1124 918 1326 970 imposita,
1376 917 1402 957 fi
1435 916 1523 956 foco
1557 915 1690 969 speculi
1737 918 1882 957 caustici

593 988 841 1030 exponuntur
861 1009 872 1030 ‚
907 992 1097 1032 nunquam
1132 979 1332 1019 vitrescant
1355 1009 1364 1025 ‚
1397 979 1455 1018 sed
1487 979 1657 1018 diiiiliant
1691 980 1727 1018 in
1773 991 1882 1033 parua

590 1037 836 1093 fragmenta,
877 1042 1025 1095 semper
1067 1042 1187 1082 adhuc
1227 1042 1411 1082 metallica
1443 1057 1453 1095 3
1495 1043 1609 1082 carbo
1651 1043 1792 1083 etenim
1835 1043 1882 1083 de

593 1102 661 1143 suo
691 1101 863 1157 sulphure
898 1105 1102 1158 vegetabili
1135 1104 1285 1154 reddit,
1318 1104 1408 1144 loco
1439 1107 1516 1146 eius
1540 1140 1550 1158 ‚
1584 1105 1683 1158 quod
1706 1106 1879 1159 ignisab·

592 1165 756 1207 ssulerat.
793 1167 863 1209 Est
896 1180 990 1220 ergo
1024 1167 1172 1222 sulphur
1200 1168 1467 1223 metallicum·⁷
1499 1170 1670 1210 oleosum
1707 1182 1851 1223 nempe
1871 1201 1883 1221 ,

593 1241 776 1283 opacans,
792 1230 984 1283 colorans,
1003 1242 1041 1272 et
1060 1230 1270 1273 malleabile
1292 1233 1463 1284 reddens,
1483 1234 1584 1273 idem
1607 1265 1618 1284 ‚
1638 1234 1741 1286 quod
1762 1246 1881 1287 vege·

595 1293 713 1334 tabile
734 1307 745 1349 3
774 1303 814 1334 et
833 1294 886 1334 est
906 1294 981 1335 hoc
1005 1296 1106 1337 idem
1126 1329 1136 1348 ‚
1160 1295 1260 1348 quod
1280 1296 1440 1337 animale
1461 1297 1522 1336 liib
1540 1297 1697 1337 nominc
1717 1298 1880 1349 glutinis.

745 1423 801 1464 Vt
833 1435 926 1477 ergo
957 1425 1133 1464 omnium
1177 1435 1382 1476 corporum
1425 1423 1516 1462 basis
1555 1425 1605 1463 cst
1647 1432 1745 1463 terra
1789 1424 1878 1464 sim-

595 1486 794 1543 plicissima
811 1519 821 1539 ‚
853 1487 1088 1527 elementalis
1105 1518 1117 1539 ,
1151 1487 1315 1526 sormam
1343 1484 1431 1525 dans
1450 1518 1460 1537 ‚
1488 1497 1525 1525 et
1553 1487 1604 1526 rei
1632 1487 1879 1539 cuiuscunque

593 1551 778 1606 principia
810 1560 953 1590 caetera
989 1549 1054 1590 sibi
1077 1581 1089 1602 ‚
1139 1549 1274 1589 deinde
1309 1558 1348 1586 ct
1382 1548 1479 1587 inter
1511 1549 1545 1587 se
1566 1581 1575 1598 ‚
1623 1549 1758 1588 vnicns
1778 1581 1788 1599 ,
1823 1551 1879 1589 ni-

595 1614 672 1657 mis
716 1626 785 1667 per
823 1614 858 1652 se
899 1613 1071 1654 volatilia
1115 1624 1136 1652 a
1177 1611 1416 1664 dissipatione
1459 1612 1649 1658 retinens„
1693 1612 1880 1663 praestans

593 1676 811 1718 fiicultatem
853 1676 964 1717 alieni
1007 1674 1226 1717 assimilandi
1267 1675 1303 1713 in
1343 1675 1590 1727 cuiuscunque
1633 1675 1758 1713 nutriti
1796 1687 1877 1715 cor-

596 1742 703 1795 poris
735 1750 905 1780 naturam
928 1773 938 1792 ,
974 1741 1143 1791 adeoque
1175 1748 1213 1778 et
1248 1737 1472 1791 potestatem
1516 1738 1735 1778 seminalem
1788 1751 1882 1791 pro-

594 1804 746 1845 creandi
780 1803 845 1845 sibi
879 1803 1014 1844 similia
1054 1801 1245 1848 efficiens,
1290 1814 1382 1853 quae
1426 1813 1582 1854 percunt
1621 1804 1781 1852 omnia,
1824 1801 1880 1841 sa-

595 1867 697 1908 brica
730 1880 751 1907 a
786 1878 880 1907 terra
912 1867 1106 1920 praecipue
1142 1867 1326 1917 pendente
1359 1865 1560 1912 destruet-a,
1590 1867 1637 1905 ita
1658 1865 1697 1904 in
1719 1866 1880 1906 Metallis

595 1940 635 1970 et
669 1931 887 1983 quibusdam
923 1929 1114 1970 Foffilibus
1134 1928 1267 1967 similia
1298 1928 1458 1980 praestat
1487 1931 1703 1981 Argentum
1732 1931 1875 1970 viuum.

597 1992 699 2034 Hinc
752 1994 1061 2033 Hermeticorurn
1098 1992 1340 2044 antiquissimi
1368 2021 1377 2038 ,
1419 1992 1480 2044 qui
1523 2002 1560 2031 ct
1597 1992 1734 2044 optimi
1770 1995 1876 2040 sunt,

595 2057 721 2110 palam
758 2056 978 2105 affirmant,
1011 2067 1062 2095 cx
1101 2055 1292 2095 Mercurio
1325 2055 1467 2094 sincero
1499 2054 1579 2094 solo
1613 2068 1680 2108 per
1713 2054 1878 2107 sulphur

594 2118 832 2174 purissimum
865 2119 986 2159 fixato
1017 2118 1108 2157 nasci
1139 2120 1282 2158 Ain-um
1317 2128 1354 2157 ct
1383 2119 1597 2171 Argentum
1624 2133 1634 2171 ·‚
1671 2132 1718 2158 cx
1740 2119 1875 2157 eodem

596 2193 690 2224 vero
725 2183 852 2224 miuus
883 2182 1077 2223 defoecato
1112 2193 1151 2222 et
1182 2192 1338 2236 argento
1372 2181 1468 2223 viuo
1500 2185 1619 2237 magis
1648 2182 1762 2221 aliena
1798 2182 1878 2221 labe

1819 2257 1876 2284 in-
