2013 2703
338 142 771 193 ANIMALIS
822 138 1468 208 MOSCHIFERI403

181 270 324 314 fic'tum
355 267 436 315 est,
471 274 513 305 vt
548 264 653 307 striae
685 263 771 306 illae
802 262 938 314 albae,
974 275 1062 317 quas
1096 275 1168 317 pro
1199 262 1369 303 duecibus
1390 263 1476 318 piu-

183 333 390 390 gucdinosis
424 331 545 372 habeo
565 362 575 379 ,
611 327 852 370 liucscentcm
890 326 1128 380 superficiem
1150 338 1322 381 tegentes
1342 360 1352 380 ,
1384 330 1477 368 inte-

182 401 280 441 stino
315 397 460 449 Vtrique
494 393 779 447 facicmplane
812 404 1051 446 peregrinam
1080 394 1283 433 induc-ruit.
1352 392 1421 433 liei
1443 394 1481 432 in

184 475 347 503 coecum
383 459 536 500 insertio
566 456 662 498 nihil
694 457 879 509 peculiare
911 457 1088 497 habebat.
1158 456 1316 510 Aliquid
1349 456 1484 496 valun-

183 529 242 569 lae
276 527 479 578 analogum
514 522 670 570 aderat,
703 521 758 560 vti
792 522 830 559 in
863 519 1039 569 homine.
1114 518 1290 560 Coccum
1334 521 1484 560 ratione

184 592 314 632 habita
344 591 388 630 ad
421 599 583 628 coecum
620 586 831 626 humanum
856 616 866 635 ,
896 583 976 623 satis
1009 585 1193 637 exiguum
1228 594 1321 625 erat.
1387 584 1484 624 Pro-

187 655 303 695 ceffus
339 666 430 696 vero
464 650 724 692 vermiformis
754 649 852 688 vltra
887 653 900 696 ξ
937 649 1076 701 pedem
1113 649 1260 703 longus.
1326 648 1483 689 Horum

185 732 306 760 nexus
341 729 379 758 et
411 715 666 769 configuratio
699 712 766 766 fig.
810 726 854 758 4.
894 713 1041 753 sistitur.
1088 711 1161 767 (A)
1193 725 1356 754 coecum
1380 743 1393 764 ,
1426 709 1483 767 (a)

185 784 308 824 ileum
331 814 341 833 ,
377 778 512 837 (bbh)
531 779 740 832 processum
765 776 1064 822 vermiformem
1086 810 1097 828 ‚
1117 774 1216 832 (cc)
1236 778 1310 817 coli
1330 777 1481 817 initium

184 848 382 887 exhibent.
419 842 590 893 Colum,
627 843 808 896 processus
840 841 1106 882 vermisormis
1139 850 1178 880 et
1213 842 1360 882 rectum
1396 853 1486 881 ean-

184 913 276 952 dem
308 908 442 950 faciem
475 908 662 947 habebant
689 940 701 959 ,
743 918 785 946 ac
829 906 1001 947 iciunum
1045 915 1086 946 et
1115 904 1232 945 ileum
1254 938 1265 958 ,
1300 904 1411 957 idque
1446 905 1487 944 in

187 974 369 1015 omnibus
402 971 476 1012 illis
508 971 621 1012 tribus
653 969 904 1023 animalibus,
938 983 1031 1024 quae
1074 969 1234 1023 inspexi.
1309 967 1486 1009 Intestina

190 1039 315 1078 tenuia
367 1049 388 1077 a
441 1036 582 1088 pyloro
636 1035 682 1073 ad
732 1034 977 1072 insertionem
1021 1045 1140 1085 Vsque
1179 1032 1244 1072 ilei
1277 1032 1486 1073 duodecim

186 1103 296 1142 vlnas
325 1099 440 1141 crassa
464 1130 474 1148 ,
511 1099 578 1137 sex
611 1097 716 1137 vlnas
756 1094 997 1148 longitudine
1048 1095 1268 1148 aequabant.
1350 1092 1488 1136 Conti-

186 1168 331 1207 nebant
365 1164 486 1204 vbiuis
518 1168 794 1211 excrementa,
837 1158 1042 1213 pilularum
1084 1159 1125 1201 in
1172 1159 1338 1200 formam
1390 1171 1488 1200 con-

184 1232 354 1283 globata.

304 1293 352 1333 111
387 1292 609 1332 arteriarum
630 1298 666 1329 et
687 1299 874 1328 venarum
903 1287 1192 1328 mefiiraicarum
1223 1287 1487 1330 distributione

184 1356 280 1398 nihil
323 1355 500 1409 singulare
533 1353 798 1395 animaduerti.

305 1420 435 1472 Hepar
469 1420 507 1459 in
542 1420 687 1459 dexrro
706 1416 1005 1469 hypochondrio
1023 1416 1137 1457 situm
1159 1449 1170 1467 ,
1206 1428 1346 1470 paruae
1363 1417 1488 1468 molis,

186 1484 217 1525 si
250 1493 500 1537 comparetur
533 1495 621 1522 cum
657 1481 798 1534 hepate
830 1481 991 1521 aliorum
1026 1481 1283 1531 animalium,
1317 1482 1355 1520 in
1390 1482 1486 1521 duos

187 1557 340 1586 tantum
376 1546 482 1585 lobos
512 1545 719 1594 diuiditur,
755 1556 919 1598 quorum
964 1547 1100 1585 dexter
1141 1544 1285 1584 sinistro
1329 1545 1487 1585 dimidia

190 1619 299 1663 parte
334 1611 463 1648 minor
496 1608 563 1648 est.
609 1607 925 1661 Ligamentorum
966 1618 1004 1648 et
1043 1609 1222 1648 vasorum
1259 1607 1487 1660 sanguineo-

188 1686 275 1713 rum
308 1672 440 1712 cadem
473 1671 694 1725 dispositio,
731 1685 772 1712 ac
808 1671 1013 1726 vulgariter
1047 1671 1121 1711 effe
1147 1671 1253 1711 solet.
1331 1671 1487 1712 Vesicu—

189 1737 269 1777 lam
308 1735 456 1775 feneam
492 1736 527 1775 in
566 1737 726 1789 prim0,
758 1737 864 1789 quod
901 1736 1046 1775 dissecui
1069 1768 1080 1786 ‚
1112 1736 1271 1776 animali
1305 1735 1487 1787 indagans

188 1801 331 1840 nullam
366 1796 520 1850 inuen'14
555 1811 623 1839 nec
648 1811 697 1839 eo
726 1811 906 1853 tempore
925 1799 1175 1852 negligentiae
1203 1799 1243 1837 in
1264 1799 1487 1852 inquirendo

192 1877 258 1904 me
291 1863 546 1903 accusaueram
566 1894 577 1913 ‚
612 1863 695 1903 imo
726 1864 826 1904 bene
859 1876 946 1903 cum
986 1863 1266 1903 mansuetudine
1298 1862 1487 1916 animalis,

191 1940 303 1980 quam
341 1927 437 1966 varii
472 1929 637 1966 Antores
669 1937 869 1981 tantopere
906 1927 1126 1981 praedicant
1147 1959 1157 1977 ‚
1190 1926 1394 1966 conuenire
1415 1939 1487 1969 ex-

190 1991 370 2031 istimaui.
440 1989 591 2030 Verum
622 1990 660 2029 iu
692 1992 837 2032 duobus
873 1992 1029 2044 rehquis
1062 1991 1192 2031 aderat
1224 1990 1383 2031 vesicula
1418 1990 1489 2031 iel-

191 2055 249 2094 lea
273 2084 284 2104 ‚
317 2066 434 2106 quam
469 2054 623 2106 quidem
659 2054 719 2094 diu
756 2068 835 2095 non
871 2057 1000 2096 videre
1033 2055 1144 2108 potui
1173 2087 1184 2106 ,
1216 2054 1308 2094 licet
1343 2055 1487 2105 locum,

189 2118 257 2160 vbi
290 2118 354 2161 fita
386 2128 464 2160 etat
485 2150 496 2171 ‚
536 2116 682 2174 saepius
715 2128 823 2160 antea
869 2120 1046 2162 manibus
1077 2118 1403 2163 contrcCtauerim
1448 2128 1487 2157 et

757 2182 794 2226 E
810 2196 832 2224 e
850 2197 872 2226 e
895 2198 921 2227 2
1359 2180 1481 2222 oculis
