2013 2703
453 113 1106 162 ETEIVSVSV.
1335 129 1422 170 20,

151 238 262 281 maliis
293 236 403 288 sum,
438 236 558 290 ipsum
593 235 674 276 (Eitis
706 235 886 277 assuetum
920 231 995 275 esse
1029 233 1307 288 experimentis
1331 246 1423 274 curn

150 316 235 344 cum
274 314 311 343 et
338 300 676 355 circumspectione
698 300 952 349 instituendis,
981 308 1019 339 et
1039 299 1277 340 occasionem
1303 299 1426 340 etiam

149 364 318 408 habuisse
342 398 354 418 ,
386 365 606 406 machinam
641 364 817 405 idoneam
853 375 890 405 et
926 362 1236 417 perfectissimam
1269 362 1419 403 elestri·

145 443 230 472 tam
253 430 315 470 fibi
335 428 601 483 comparandi.
668 427 811 481 Neque
845 427 1092 469 dubitandum
1125 427 1178 468 est
1200 459 1210 478 ,
1243 425 1428 468 electrici-

146 504 267 534 tatem
313 493 546 543 naturalem,
578 492 617 531 in
649 490 913 543 atmosphaera
948 489 1083 543 sponte
1102 498 1319 542 generatam
1342 523 1352 542 ,
1388 491 1428 531 in

147 570 220 598 vna
254 559 409 611 regione
445 557 634 597 maiorem
677 553 782 604 effe,
825 565 940 606 quam
984 553 1023 592 in
1066 553 1173 594 alia:
1217 565 1239 592 e
1281 565 1321 592 re
1357 554 1425 606 igi-

148 631 208 661 tur
259 625 389 676 vtique
431 621 501 659 erit
522 651 532 670 ,
567 617 854 657 instrumentum
890 616 1042 670 aliquod
1077 616 1258 657 adhibere
1282 648 1292 668 ‚
1327 616 1430 669 quod

144 685 339 727 discrimen
367 683 555 725 eiusmodi
590 681 730 735 prodit.

295 748 434 789 Vtrum
470 757 581 786 meus
610 746 727 785 index
769 745 968 799 aliqualem
1011 745 1213 786 vtilitatem
1256 741 1431 785 habeat?

143 824 196 853 ex
228 811 458 866 {equentibus
490 809 729 850 iudicandum
766 809 829 849 est.
896 810 963 851 Ex
998 809 1136 849 Tomo
1168 820 1273 849 xxv.
1303 807 1424 848 Com·
1439 813 1621 852 ΤΛιΝΠΙ.

144 877 418 916 mentatiorum
453 873 699 927 perspicitur,
734 872 841 913 illum
878 873 974 914 nihil
1008 873 1107 914 aliud
1141 872 1217 913 effe
1237 905 1246 923 ‚
1289 872 1354 913 nisi
1382 871 1424 912 fi·
1455 872 1531 923 Fig.
1562 890 1594 912 ι,

142 940 222 981 lum
258 939 402 978 lineum
439 936 586 984 Assxg
622 937 726 990 pedis
757 936 883 978 Lond.·
915 947 956 979 et
989 937 1136 978 dimidii
1170 935 1273 990 grani
1309 937 1431 977 medi-

144 1004 177 1043 ci
216 1014 340 1056 prope
373 1001 537 1055 regulam
571 1000 686 1040 latam
721 1001 942 1041 verticalem
977 998 1092 1051 AC,
1124 1001 1354 1054 adplicatum
1392 1009 1432 1042 et

144 1078 196 1106 ex
227 1065 396 1118 suprema
430 1065 575 1117 reginae
612 1074 717 1116 parte
752 1064 798 1102 ad
834 1063 925 1103 latus
965 1063 1150 1116 angustius
1194 1064 1398 1116 pendulum
1419 1096 1432 1116 ,

143 1130 204 1169 snb
237 1141 314 1184 qno
347 1130 526 1182 quadrans
559 1127 701 1180 ligneus
732 1124 957 1168 DEFGH
994 1127 1108 1181 paulo
1142 1126 1296 1167 maioris
1322 1127 1430 1178 radii,

147 1206 260 1247 quam
299 1193 497 1246 longitudo
529 1190 582 1230 fili
615 1191 669 1231 est
704 1223 715 1242 ,
767 1191 818 1230 ita
852 1189 994 1230 locatur
1031 1223 1042 1242 ,
1078 1200 1120 1230 vt
1155 1190 1339 1244 punitum
1374 1189 1427 1231 su—

143 1256 344 1310 spenfionis
379 1256 431 1294 fili
466 1255 509 1295 sit
541 1263 715 1294 centrum
752 1252 967 1306 quadrantis
1001 1263 1039 1292 et
1074 1254 1225 1307 planum
1247 1254 1430 1307 quadran·

145 1322 190 1360 tis
219 1333 307 1360 cum
345 1318 506 1357 stitione
539 1317 687 1369 regulae
721 1316 890 1356 verticali
912 1349 922 1369 ‚
958 1327 1076 1370 eaque
1108 1317 1285 1371 ampliori
1322 1349 1333 1368 ,
1385 1317 1429 1358 fit

143 1384 180 1423 in
216 1384 354 1422 eodem
391 1381 518 1435 plano.
586 1379 626 1422 Si
670 1380 752 1420 talis
802 1379 923 1433 regula
973 1392 1061 1421 cum
1115 1381 1227 1421 massa
1282 1379 1431 1422 electri·

142 1446 252 1488 ficata
284 1446 335 1486 est
370 1457 574 1492 connexa,
611 1445 686 1498 ipfit
721 1443 966 1484 eleetrificata
1006 1445 1160 1499 repellit
1202 1443 1310 1484 filum
1355 1445 1430 1486 ele·

142 1510 372 1551 &sitientum
410 1541 419 1557 ,
469 1509 570 1561 quod
602 1509 716 1549 etiam
753 1509 955 1561 quadrante
984 1508 1119 1563 ligneo
1152 1521 1230 1549 non
1273 1507 1430 1549 elee‘tri-

144 1573 261 1615 ficato
311 1571 525 1613 attrahitur.
613 1571 699 1612 Tali
751 1572 890 1612 ratione
926 1605 937 1623 ,
987 1585 1064 1627 quo
1111 1574 1233 1626 magis
1285 1573 1429 1614 recedit

144 1638 253 1679 filum
295 1649 315 1676 a
359 1634 482 1688 regula
519 1667 530 1687 ,
582 1647 630 1676 eo
664 1635 790 1676 maior
824 1635 1046 1678 eleetricitas
1087 1637 1250 1677 excitata
1286 1635 1330 1676 fit
1365 1648 1431 1678 ne·

142 1703 237 1742 cesse
280 1700 344 1740 est.

293 1762 516 1804 Cauendum
548 1765 664 1806 etiam
686 1765 752 1818 est,
784 1777 830 1806 ne
866 1766 1058 1820 pinguedo
1092 1775 1130 1806 et
1161 1777 1244 1805 cera
1282 1763 1430 1817 regulae

147 1828 356 1870 metallicae
391 1827 619 1875 adhaereat,
650 1843 744 1884 quae
777 1830 901 1870 efficit
939 1860 951 1882 ,
1003 1839 1048 1870 vt
1088 1829 1197 1870 filum
1244 1841 1264 1868 a
1299 1827 1426 1881 regula

143 1892 385 1933 eleetrificata
407 1893 443 1932 in
463 1903 512 1930 eo
532 1892 674 1946 punsto
690 1924 701 1944 ,
736 1894 802 1934 vbi
835 1906 921 1935 cera
955 1893 1135 1934 adhaeret
1155 1924 1165 1943 ,
1202 1904 1280 1933 non
1301 1890 1422 1945 repel-

143 1955 268 2006 latur,
306 1956 360 1996 scd
397 1956 523 2009 potius
553 1958 756 1997 retineatur
787 1970 901 2012 quam
948 1955 1180 1999 tenacissime
1218 1988 1231 2008 ‚
1285 1955 1427 1996 indicio

142 2018 378 2070 tertiffimo,
413 2020 592 2059 materiae
627 2020 820 2062 elestricae
853 2022 1099 2076 agitationem
1130 2021 1170 2060 in
1210 2019 1286 2060 hoc
1326 2032 1426 2073 pun-

144 2083 210 2126 ἂο
243 2096 321 2126 non
336 2084 457 2127 solum
492 2083 670 2139 impediri
690 2116 702 2139 ‚
735 2083 793 2129 sed
824 2086 942 2129 etiam
975 2097 1100 2129 ceram
1131 2084 1246 2128 aliam
1279 2083 1426 2125 eleari-

1332 2157 1429 2188 (lta-
