2013 2703
550 178 640 220 3⁵2
675 169 765 212 DE
802 162 1258 212 constit-stowe
1300 164 1717 213 soLlDORVM

543 287 683 329 ibidem
725 287 781 326 lac
824 297 844 324 a
884 284 988 324 causa
1021 282 1269 337 qualicunque
1298 284 1540 337 coagulatur,
1572 285 1708 327 abeuns
1743 299 1830 331 cum

542 351 729 392 stillicidio
758 347 825 388 seri
858 349 1037 388 tenuioris
1068 360 1135 400 per
1167 346 1351 401 papillam
1371 376 1382 397 ,
1417 346 1478 387 vel
1510 357 1547 386 et
1581 351 1750 393 eiusdem
1772 362 1830 390 re-

540 413 738 466 sorptione
772 424 841 463 per
874 423 988 452 venas
1021 412 1254 462 inhibentes,
1302 412 1342 451 in
1393 410 1678 452 craffimenturn
1717 444 1730 462 ,
1778 426 1832 458 ex

538 488 617 529 quo
653 475 805 528 durities
838 474 992 516 nascitur
1026 485 1065 515 et
1098 485 1264 528 tumor;
1301 474 1399 515 vnde
1419 475 1707 526 inflammatio,
1748 473 1831 529 sup·

537 539 690 592 putatio
711 569 721 587 ‚
749 538 813 579 vel
832 538 988 580 scirrhus
1016 540 1136 579 oritur
1169 548 1210 578 et
1243 551 1381 582 cancer
1399 570 1410 590 ,
1455 540 1557 593 quod
1578 570 1590 590 ,
1624 540 1832 579 vlceratum

537 612 579 643 et
609 611 782 655 apertum
805 635 816 653 ,
851 604 951 642 virus
984 601 1102 643 fundit
1145 602 1335 644 horrende
1367 602 1465 642 adeo
1497 604 1703 643 corrodens
1722 635 1734 654 ,
1787 609 1834 644 vt

538 668 696 718 omnia,
732 678 827 720 quae
857 667 1030 718 attingit,
1063 665 1213 706 exedat.
1269 666 1465 707 Notamus
1498 666 1664 719 insuper,
1692 666 1831 708 tenuis·-

536 728 655 771 (imos
686 731 860 783 corporis
895 731 1009 770 nostri
1045 729 1226 770 humores
1244 762 1255 781 ,
1289 743 1341 771 ex
1369 731 1512 771 vltimis
1537 730 1796 772 artetiolarum
1818 763 1832 782 ,

536 792 688 839 foi-[itan
731 803 771 835 et
822 806 1058 844 neruorum,
1108 793 1239 834 osculis
1289 793 1477 844 secretos,
1529 793 1622 834 dum
1658 794 1828 847 stagnant

535 868 760 911 quocunque
792 857 881 897 loco
915 859 955 898 in
987 858 1132 910 cryptis
1152 887 1162 905 ‚
1198 856 1381 911 inipiffaii
1412 856 1540 897 senfim
1573 861 1698 897 calore
1718 857 1829 910 ipfius

536 921 709 974 corporis
727 953 738 972 ,
781 930 819 962 et
839 921 942 961 breui
960 920 1044 961 fieri
1070 920 1272 973 glutinosos
1298 932 1336 961 et
1361 919 1588 975 gelzttiuosos
1609 951 1620 970 ,
1648 923 1829 960 tandem-

534 995 609 1037 que
653 983 878 1025 solidescete.
954 984 1122 1026 Narium
1184 997 1345 1036 mucus,
1395 984 1598 1023 oculorum
1651 994 1830 1024 eXtcrnue

535 1057 576 1091 et
626 1047 890 1100 palpebrarum
934 1046 1103 1097 humor,
1135 1049 1278 1086 aurium
1317 1059 1533 1097 cerumen‚
1574 1046 1672 1087 adeo
1715 1047 1829 1088 iubti·

533 1108 621 1150 liter
656 1109 791 1150 secreta
812 1141 823 1160 ,
860 1110 1081 1150 crassescunt
1121 1121 1198 1149 non
1237 1110 1380 1162 modo,
1417 1109 1536 1150 sedin
1563 1109 1682 1150 lem-as
1703 1111 1827 1152 coria-

532 1184 618 1215 εοεαε
633 1173 792 1214 ductiles
809 1174 1068 1213 concrescunt.
1090 1169 1234 1213 Calculi
1261 1172 1368 1214 solidi
1395 1173 1587 1214 nascuntur
1614 1174 1751 1227 ibique
1783 1175 1823 1214 in

530 1248 696 1291 corpore
714 1269 725 1289 ,
743 1236 982 1291 appositione
1002 1236 1270 1289 particularum
1293 1270 1303 1288 ,
1331 1251 1423 1291 quae
1451 1235 1582 1279 sensim
1602 1248 1656 1278 ex
1682 1237 1826 1279 humo·

533 1300 649 1354 ribus,
669 1300 770 1355 prius
786 1300 833 1342 de
843 1299 925 1339 sero
943 1308 983 1339 et
998 1299 1158 1351 lympha
1169 1298 1355 1353 sanguinis
1365 1302 1550 1353 separatis,
1568 1299 1821 1344 secernuntur.

686 1361 848 1404 Constat
898 1374 989 1415 ergo
1023 1391 1034 1406 .
1087 1362 1200 1403 fluida
1251 1365 1288 1403 in
1338 1375 1504 1415 corpore
1548 1364 1702 1402 animali
1754 1375 1821 1414 per

531 1435 690 1469 motum
736 1437 777 1466 et
825 1425 995 1471 calorem
1025 1457 1037 1476 ‚
1089 1425 1258 1478 resorptu
1335 1436 1374 1465 et
1421 1425 1567 1466 difflatu
1620 1425 1821 1466 tenuiiiimi

532 1491 651 1531 laticis
682 1522 694 1541 ,
745 1489 829 1531 fieri
889 1487 1001 1528 solida
1042 1518 1054 1540 ,
1123 1488 1196 1528 siue
1254 1498 1454 1528 externum
1514 1490 1644 1528 a'e'rem
1705 1489 1820 1528 attiu-

533 1562 664 1609 gant,
713 1554 787 1595 siue
819 1553 865 1593 ab
898 1552 1039 1592 eodem
1091 1552 1238 1591 occulta
1290 1561 1484 1591 arceantur
1520 1582 1530 1597 ‚
1582 1552 1691 1603 idque
1736 1551 1826 1592 fieri

531 1618 752 1662 naturaliter
787 1627 825 1656 et
857 1616 993 1666 citius,
1028 1626 1106 1668 quo
1139 1618 1218 1654 lunt
1252 1613 1435 1654 subtiliora
1471 1616 1605 1654 secreta
1641 1618 1688 1653 de
1723 1614 1820 1666 prius

531 1682 752 1723 commistis.
821 1679 997 1721 Secundo
1032 1688 1168 1732 patet3
1206 1679 1305 1731 prius
1340 1682 1389 1718 ita
1421 1677 1558 1717 secret-,1
1594 1677 1668 1729 iplii
1714 1679 1816 1717 inor-

532 1746 694 1798 gzinica,
729 1755 847 1798 partes
880 1743 1073 1796 organicae
1107 1754 1343 1794 componere
1364 1775 1373 1790 ,
1424 1752 1468 1782 vt
1503 1743 1635 1781 iterum
1680 1740 1726 1780 dc
1762 1750 1816 1779 te-

532 1808 712 1851 nuiffimis
744 1808 963 1850 humoribus
997 1807 1061 1846 fibi
1115 1805 1302 1846 simillima
1355 1805 1468 1846 [olida
1521 1807 1707 1846 secernant
1735 1835 1745 1853 ,
1778 1814 1817 1844 et

532 1873 675 1912 secretis
707 1874 805 1926 prius
836 1881 1044 1923 :ipponinn
1109 1868 1240 1908 Docet
1281 1869 1354 1909 hoc
1407 1870 1558 1910 nutritio
1610 1880 1646 1908 et
1696 1869 1819 1907 incre-

532 1946 708 1976 mentum
733 1970 742 1985 ,
777 1936 871 1975 xnde
894 1934 1034 1975 roboris
1052 1943 1087 1972 et
1109 1933 1302 1984 rigiditatis
1320 1934 1421 1973 cnulii
1453 1934 1575 1987 patula
1595 1933 1659 1972 cst.
1697 1931 1815 1972 Affir-

532 2010 658 2039 matur
692 2000 836 2051 in‘iipcr
873 1998 1040 2037 incubatu
1074 1997 1168 2046 oui,
1204 1998 1350 2045 eiusque
1387 1996 1445 2037 scri
1467 1997 1603 2048 :innlyfi
1629 1996 1814 2035 chcmica.

681 2063 933 2103 obveniamus
966 2071 1096 2100 autem
1119 2094 1128 2112 ,
1163 2062 1261 2110 quod
1299 2061 1407 2101 firma
1444 2072 1681 2113 quaecunque
1703 2092 1712 2109 ,
1748 2071 1814 2099 or-

531 2126 690 2182 ganica,
723 2137 916 2182 quousque
958 2126 999 2166 in
1051 2125 1109 2166 illa
1161 2124 1273 2166 seusus
1322 2134 1552 2181 penetrant,
1603 2123 1814 2165 conflentur

1710 2184 1814 2226 fibris
