2013 2703
1135 177 1167 228 )(
1200 185 1255 225 52
1290 177 1320 228 )(

564 299 714 341 dentur.
782 301 902 342 Extit
936 313 1086 356 quoque
1106 302 1145 342 in
1176 304 1311 343 Xenio
1330 301 1430 342 Isidis
1459 300 1637 345 Sibi1·icae
1663 338 1674 357 ‚
1707 319 1727 346 a
1761 306 1877 348 Mes-
1940 290 1946 295 '

548 362 792 419 firlL·lJ211i‹<'i9
826 366 908 419 post
941 367 1102 406 reditum
1138 368 1241 406 suum
1277 378 1327 406 ex
1369 364 1503 409 Sibiria
1540 371 1773 411 Academiae
1808 371 1873 411 ob-

566 430 665 477 lito,
707 430 874 482 aliqualis
909 430 1153 483 Rupicaprae
1187 430 1386 483 descriptio
1407 461 1419 482 ‚
1450 445 1562 485 quam
1584 433 1644 473 hic
1680 435 1878 487 adiungere

566 505 647 532 non
696 494 949 545 incongruum
986 503 1176 546 putamus.
1216 493 1417 546 „Archali
1438 495 1613 547 MaS,fie
1633 498 1696 538 ille
1717 531 1727 549 ,
1761 497 1875 539 Chol-

566 569 662 609 „zce
705 555 908 608 Mongolis
959 556 998 596 in
1042 555 1183 597 Dtuiria
1206 589 1230 609 ‚.
1253 557 1361 597 Indis
1394 555 1660 612 cis⁴G:1ngem
1697 559 1878 614 Dshaen-

564 649 592 672 „
606 618 709 672 gaeli
731 617 885 670 Bheda,
920 621 1175 661 Acriodorcas
1196 653 1206 672 ,
1241 620 1646 676 Bigmgusrzqielisis,
1683 624 1762 664 visu
1791 627 1878 666 exi-

565 685 690 736 „mie
724 683 870 737 pollens
891 716 902 734 ,
962 686 1333 743 cornibusOarietinis
1364 686 1469 725 mole
1505 686 1710 738 stupendis,
1746 688 1877 730 habitu

564 780 588 799 ,‚
610 749 742 788 statura
786 757 823 786 et
847 746 954 800 pellev
983 749 1086 788 cerui
1107 781 1118 800 ,
1151 748 1333 789 clunibus·
1353 750 1524 789 etcauda
1558 751 1658 802 capri
1676 781 1686 800 ‚
1720 751 1879 804 albidis,

562 843 587 864 „
607 810 740 852 bisulca
761 841 771 859 ‚
802 811 1023 852 ruminans..
1047 813 1124 852 An·
1146 810 1338 865 Pygargus
1371 811 1480 852 Plinii
1503 843 1514 862 ‚
1566 813 1798 854 Aldrouandi
1841 825 1880 856 et

565 906 589 925 „
628 874 803 916 Ionstoni
826 872 849 915 ζ·
875 876 937 915 An
958 875 1211 917 Ebraeorum
1235 874 1402 930 Djffhhon
1435 875 1555 917 Deut.
1593 877 1716 918 XIV.
1764 890 1784 927 5
1808 876 1822 918 ξ
1860 908 1882 931 ,‚

564 936 626 979 Ita
694 935 1060 994 Mefferschmidizts,
1097 941 1161 994 qui
1196 952 1334 980 vocem
1377 940 1541 982 Archali
1591 942 1671 981 alio
1713 941 1806 982 loco
1840 954 1880 982 ct

565 1002 718 1056 Argalis
747 1003 897 1055 scribit,
917 1004 1244 1056 pronunciationis
1280 1005 1317 1044 in
1338 1002 1476 1045 Sibiria
1496 1005 1674 1058 vulgatae
1695 1018 1849 1046 memor
1869 1037 1893 1057 „

563 1080 634 1120 qua
678 1067 902 1120 plerumque
935 1068 1140 1121 asperiores
1189 1067 1518 1121 Mongolensium·
1557 1079 1595 1108 et
1641 1067 1875 1109 Titanorum

562 1129 646 1170 fimi
683 1131 812 1171 mitius
855 1130 1076 1172 efferuntun
1145 1131 1210 1172 Ex
1253 1133 1407 1170 nomine
1460 1132 1611 1172 Indico·
1645 1132 1878 1172 concluden-

563 1195 685 1243 dum,
738 1194 882 1234 animal
916 1195 1037 1235 etiam
1071 1196 1111 1234 in
1145 1193 1251 1234 Indi-‘1
1284 1195 1473 1247 reperiri..
1509 1195 1683 1235 Amauit.
1716 1192 1877 1249 Mcffer·

548 1254 754 1311 schmidt'us
812 1259 972 1297 nomin-„1
1035 1269 1162 1296 rerum
1217 1257 1369 1295 exotica
1427 1259 1649 1309 conquirere
1671 1289 1682 1308 ,
1717 1270 1874 1310 eaque,

561 1330 748 1373 quantum
785 1320 937 1372 potuit,
989 1321 1123 1374 x'bique
1165 1319 1234 1359 suis
1265 1319 1359 1359 locis
1409 1319 1608 1373 adscripsit.
1676 1320 1789 1361 Hunc
1840 1323 1877 1361 in

562 1384 682 1424 finem
726 1383 993 1423 conciliauerat
1029 1385 1095 1424 sibi
1129 1382 1376 1423 sucrificulum
1409 1382 1614 1433 Indicum,
1647 1393 1733 1424 tunc
1776 1394 1879 1424 tem-

563 1449 668 1502 poris
702 1449 797 1487 inter
831 1447 1031 1500 Tungusos
1066 1446 1353 1488 Nertschienles
1371 1447 1574 1500 degentem
1596 1481 1606 1499 ,
1641 1458 1686 1487 vt
1706 1479 1716 1498 ‚
1751 1449 1876 1501 quoad

564 1514 604 1552 in
638 1511 855 1565 regionibus
888 1521 988 1550 trans
1028 1511 1291 1553 baicalensihus
1330 1510 1567 1562 versarctur,
1617 1512 1737 1552 secum
1774 1514 1874 1563 iret,

563 1588 767 1629 rerumque
817 1576 999 1615 omnium
1045 1577 1203 1616 nomina
1238 1574 1368 1615 Indica
1400 1585 1438 1614 et
1471 1576 1683 1629 Tangutica
1719 1575 1781 1615 sibi
1817 1576 1877 1616 di-

541 1649 679 1680 ceret.
758 1639 822 1679 Ab
856 1639 930 1679 hoc
949 1653 1099 1694 quoque
1131 1639 1334 1680 sacrificulo
1369 1639 1581 1692 Tangutice
1611 1650 1650 1679 et
1683 1637 1879 1679 Izi-ahma-

562 1705 646 1743 nice
679 1702 836 1742 scribere
887 1703 1043 1743 cdoftus
1094 1704 1180 1754 cst,
1240 1704 1340 1743 vnde
1374 1705 1534 1744 nomina
1586 1702 1651 1742 ista
1701 1703 1876 1754 ipsismet

562 1779 696 1807 earum
730 1768 911 1818 gentium
945 1769 1078 1808 litteris
1110 1769 1147 1807 in
1181 1768 1314 1808 xenio
1345 1768 1420 1808 eius
1469 1768 1602 1820 scripta
1644 1767 1873 1817 reperimus.

566 1831 730 1871 Nomen
774 1833 1024 1873 Aci-lodorcae
1065 1832 1116 1871 ob
1165 1843 1305 1872 cornua
1358 1831 1513 1871 arietina
1566 1824 1876 1883 Meffetschmidio

564 1894 742 1948 placuisse
779 1896 953 1943 videtur,
989 1906 1030 1935 vt
1065 1892 1225 1947 Pigargi
1257 1895 1310 1935 ob
1339 1895 1477 1935 caudae
1509 1893 1754 1945 cluniumque
1805 1905 1869 1933 co-

563 1960 685 1998 lorem
705 1991 714 2008 ‚
748 1971 861 2012 quem
906 1969 1034 1998 taimen
1067 1958 1252 1997 Gmelinus
1287 1971 1365 1997 non
1419 1958 1584 1998 albidum
1606 1987 1616 2006 ,
1668 1956 1726 1995 led
1777 1957 1873 1996 lute-

563 2023 728 2064 scentcm
751 2056 760 2072 ,
796 2021 979 2063 describit.
1023 2021 1126 2061 Tam
1169 2034 1304 2061 verum
1334 2021 1386 2061 est
1408 2054 1420 2071 ‚
1453 2022 1627 2060 colorem
1669 2019 1835 2071 pilorum
1856 2050 1868 2069 ,

566 2099 608 2127 vt
641 2088 702 2139 qui
741 2088 906 2127 multum
961 2086 1000 2126 in
1051 2085 1133 2126 feris
1182 2086 1331 2137 variat,
1379 2095 1417 2125 et
1465 2097 1536 2139 pro
1585 2081 1733 2123 diuersis
1781 2083 1871 2123 anni

567 2150 803 2205 temporibus
863 2148 1008 2204 saepius
1060 2159 1225 2192 mutatur
1253 2182 1264 2202 ,
1312 2149 1381 2192 nisi
1414 2147 1578 2191 variatio
1611 2154 1737 2186 totum
1789 2147 1870 2186 ani-

1787 2209 1866 2251 mal
