2013 2703
335 149 417 196 IN
464 150 830 196 CORPORE
878 151 1245 198 ANIMALI.
1348 165 1432 206 351

159 271 358 324 proprium
392 281 528 324 corpus
558 270 763 321 confecto,
801 284 882 312 mas
914 272 956 313 sit
990 273 1053 312 vel
1082 272 1248 314 foemina
1277 305 1288 324 ,
1328 274 1440 326 virgo

158 346 275 388 aeque
309 347 345 375 ct
381 334 509 374 sterili,
534 368 544 387 ,
574 348 764 389 nunquam
808 349 988 390 puerpera
1031 336 1104 392 (a)
1126 371 1136 388 ,
1169 350 1281 390 quam
1317 347 1440 377 mater

154 400 293 438 nutrix.
360 399 447 439 Hoc
483 412 610 439 recens
643 400 861 452 mulctum,
897 400 1172 441 blandissimum
1196 432 1206 450 ,
1245 402 1284 440 in
1315 401 1441 440 calore

155 459 330 502 hominis
361 462 436 502 sani
468 463 569 503 breui
604 462 762 514 acescit,
782 474 850 514 et,
869 462 1004 516 sponte
1035 464 1091 503 sua
1111 496 1121 513 ,
1154 464 1272 516 ipsum
1315 465 1439 517 quies-

154 536 271 576 cens,
315 537 462 579 partem
499 527 738 579 pinguiorem
775 555 786 575 ‚
838 537 1055 565 cremorem
1093 526 1238 566 dictum
1266 557 1277 576 ‚
1312 528 1435 568 reiicit

152 588 289 629 sursum
311 618 320 633 ,
354 591 418 643 qui
451 589 615 629 subactus
647 588 894 629 condenssitur
926 590 962 629 in
997 588 1175 640 butyrum
1208 590 1431 630 rancesccns.

150 649 272 692 Certo
294 653 427 693 caloris
459 653 574 706 gradu
608 650 709 692 idem
745 652 961 692 exhalando
996 654 1136 692 format
1168 654 1206 692 in
1241 653 1435 706 superficie

147 716 207 757 fila
227 716 464 769 pelliculam,
499 716 611 755 toties
651 716 931 756 rensinscentem
973 716 1134 756 solidam
1174 748 1184 767 ,
1239 717 1328 757 dum
1353 730 1435 757 nu-

147 780 292 820 fertur:
327 781 385 819 cui
418 792 495 819 non
533 779 685 832 illepide
719 781 877 821 Veteres
911 782 1162 820 renascentem
1199 782 1235 820 iu
1270 792 1434 834 corpore

144 842 317 884 humano
349 843 546 883 cuticulam
582 855 817 897 comparant.
855 842 894 884 Si
930 856 1026 884 vero
1061 844 1186 883 eidem
1221 844 1310 884 lacti
1338 856 1435 884 coa·

142 908 271 962 gulum
291 939 302 958 ‚
336 907 384 946 de
416 907 523 946 succo
554 908 753 947 ventriculi
786 908 1058 949 ruminantium
1095 917 1267 960 paratum
1308 940 1320 960 ,
1369 916 1434 949 aut

141 972 292 1011 acidum
327 970 569 1024 quodcunque
593 1001 604 1021 ,
637 972 928 1020 commiscetur,
965 982 1047 1012 tum
1081 971 1158 1011 abit
1200 972 1240 1011 in
1279 983 1398 1012 vnam
1420 1002 1433 1025 ,

143 1033 381 1088 aequabilem
403 1067 413 1085 ,
447 1033 614 1073 seillilem
636 1066 645 1083 ‚
672 1033 837 1073 *massam
875 1065 886 1083 ,
937 1047 1031 1086 quae
1066 1037 1103 1074 in
1139 1036 1259 1075 serum
1296 1034 1434 1076 secedit

145 1109 184 1138 et
216 1097 422 1137 colostrum
464 1128 473 1144 ‚
525 1098 626 1150 quod
669 1095 850 1136 vltimum
892 1096 1037 1137 summa
1072 1097 1110 1136 vi
1142 1097 1238 1137 intra
1269 1098 1430 1138 densum

142 1162 299 1201 linteum
322 1157 580 1214 compressum
604 1193 613 1212 ‚
633 1158 776 1199 cast-:um
798 1161 938 1200 format
958 1163 1139 1214 pinguem
1167 1170 1206 1200 et
1235 1160 1432 1214 blandum,

140 1227 205 1279 qui
240 1224 359 1265 tractu
391 1224 577 1276 temporis
610 1224 810 1262 acerrimus
842 1223 885 1262 fit
921 1234 959 1263 et
992 1222 1224 1265 alcalescens.
1287 1223 1330 1266 Si
1356 1237 1429 1265 ve-

140 1302 186 1329 ro
217 1290 319 1341 prius
351 1301 370 1327 a
403 1299 578 1326 cremore
610 1286 672 1325 fiio
693 1317 702 1335 ‚
739 1285 876 1326 sursum
909 1287 1083 1338 reiecto,
1127 1286 1181 1327 lac
1224 1290 1392 1342 priuaiur
1413 1319 1426 1340 ,

139 1361 249 1405 atque
283 1350 505 1391 defloratum
541 1349 672 1389 eadem
706 1350 840 1390 deinde
874 1351 1018 1391 ratione
1060 1350 1240 1392 tractatur
1276 1384 1287 1402 ,
1339 1361 1424 1393 tum

138 1415 284 1455 caseum
318 1416 382 1455 dat
402 1447 413 1466 ‚
448 1413 509 1467 qui
544 1412 706 1464 scissilis,
737 1423 885 1465 aetate,
917 1427 1035 1456 cornu
1069 1413 1209 1468 instar,
1246 1415 1420 1467 durescit,

136 1489 247 1532 atque
280 1479 356 1530 igni
388 1479 590 1527 admotus,
626 1476 791 1529 perfecte
824 1490 868 1518 au:
904 1477 994 1520 illud
1029 1477 1199 1519 lentescit
1234 1513 1244 1531 ,
1284 1479 1423 1520 vstula·

138 1552 224 1594 tur,
259 1551 296 1581 et
329 1554 416 1581 cum
438 1541 550 1580 simili
567 1539 713 1581 foetore
744 1543 990 1584 comburitur.
1034 1541 1098 1583 Sic
1131 1554 1184 1582 ex
1225 1542 1422 1597 liquidiffi·

136 1619 201 1646 ma
235 1617 273 1646 et
304 1605 437 1645 blanda
470 1603 569 1643 adeo
600 1603 705 1645 lactis
747 1607 909 1646 materie
946 1640 956 1659 ,
1009 1616 1054 1646 vt
1095 1606 1206 1647 oculo
1245 1606 1420 1647 instillata

133 1669 279 1711 nullum
315 1669 491 1709 dolorem
528 1668 754 1721 imprimat,
787 1680 917 1711 contra
952 1670 1112 1711 eundem
1157 1670 1272 1711 leniat
1309 1701 1319 1720 ‚
1372 1670 1419 1711 fit

134 1734 295 1787 coagulo
325 1742 363 1771 et
398 1742 507 1772 motu
537 1731 670 1772 durum
693 1765 704 1783 ,
753 1733 911 1774 solidum
942 1766 952 1784 ,
1002 1743 1125 1773 aetate
1165 1746 1247 1773 acre
1286 1734 1383 1773 adeo
1404 1763 1417 1784 ,

135 1810 178 1840 vt
212 1799 379 1851 linguam
412 1829 421 1847 ,
455 1808 496 1835 os
524 1826 535 1844 ,
579 1805 619 1834 et
651 1794 770 1836 fauces
805 1829 815 1847 ‚
868 1797 1101 1837 inflammet.
1166 1797 1232 1836 Vti
1267 1796 1342 1837 hoc
1376 1797 1415 1838 in

135 1862 285 1904 mule‘to
317 1871 424 1901 extra
457 1871 591 1912 corpus
621 1859 794 1911 obtinet,
829 1861 931 1901 idem
968 1861 1041 1899 fere
1076 1859 1119 1899 fit
1152 1860 1190 1899 in
1225 1861 1304 1900 viui
1331 1873 1416 1900 cor-

132 1927 238 1981 poris
290 1924 444 1966 humani
497 1922 593 1962 vasis
645 1936 841 1964 mammae
889 1924 1167 1978 gzilac'tophoris
1205 1957 1215 1976 ‚
1265 1925 1415 1976 quoties

1344 1988 1417 2026 ibl-

178 2087 250 2123 (αὶ
277 2081 325 2116 Η-
357 2080 534 2114 lloerbaave
571 2077 671 2112 Elem.
703 2079 816 2116 Cheru.
856 2081 936 2118 Part.
969 2095 997 2116 2.
1026 2080 1090 2128 Pag.
1120 2093 1202 2119 297.
1229 2078 1287 2113 No.
1315 2092 1350 2118 9.
1376 2061 1414 2113 Ξ

132 2135 262 2170 Institut.
294 2131 410 2166 Medic.
439 2135 454 2166 6
492 2137 572 2169 690·
630 2129 683 2163 Ad
710 2142 803 2179 quem
837 2132 910 2168 vide
952 2132 1199 2180 compilationem
1240 2128 1413 2166 Aueiorum

131 2185 351 2220 affirmantium
379 2183 410 2216 in
435 2182 517 2215 notis
553 2175 678 2214 Hallen.
