2013 2703
583 153 667 199 308
707 147 805 189 DE
857 141 1148 188 INDICE
1199 140 1712 187 ELECTRICIT.

575 265 665 305 bum
702 266 855 303 ferreum
891 261 1047 314 aequalis
1079 260 1214 300 maffie
1245 271 1333 299 cum
1368 261 1479 300 massa
1513 261 1718 314 prismatica
1739 295 1750 313 ,
1785 263 1847 304 led

570 330 673 366 cuius
706 325 922 378 superficies
953 334 1030 363 erat
1069 336 1154 374 130
1189 323 1393 375 digitorum
1425 333 1584 363 {ntorum
1604 325 1736 365 eodem
1758 339 1846 366 mo—

567 390 620 428 do
652 388 810 440 adplicui
845 388 890 428 ad
925 387 1082 428 eandem
1117 386 1299 438 massam,
1333 387 1435 426 cuius
1476 387 1696 427 eleetricitas
1736 391 1847 430 dimi-

554 463 654 491 ·nuta
689 462 768 492 erat
801 452 1049 504 adplicatione
1083 450 1267 503 prismatis
1299 459 1337 488 et
1369 452 1492 491 maior
1526 450 1712 490 oriebatur
1754 462 1844 491 con-

565 515 741 568 crepatio
791 525 830 555 et
881 514 1064 565 scintilla,
1113 523 1151 553 et
1183 513 1304 552 maior
1335 515 1452 554 etiam
1499 515 1629 554 iudicis
1671 517 1846 555 mutatio.

565 578 696 619 Etiam
735 591 804 632 per
833 578 987 618 malfam
1022 576 1296 616 aurichalceam
1333 578 1503 629 ponderis
1536 584 1551 628 Ξ
1587 578 1701 617 librae
1733 588 1769 616 et
1796 577 1845 617 su-

563 641 732 695 perficiei
755 641 915 690 70:³01]
940 675 950 693 ,
984 642 1104 693 magis
1122 651 1413 694 concrepantem
1442 642 1639 681 scintillam
1661 640 1773 680 elicui
1795 653 1848 681 ex

561 705 674 746 massa
701 707 826 746 minus
851 705 1108 755 eleusim-ata,
1135 717 1249 758 quam
1280 716 1349 757 per
1379 704 1534 744 massam
1571 704 1844 745 aurichalceam

560 769 714 810 duarum
742 770 929 821 librarum,
964 779 1000 808 et
1017 767 1226 821 superficiei
1247 766 1372 824 50sst]
1401 780 1452 807 ex
1473 767 1588 807 maffa
1610 769 1728 819 magis
1746 770 1844 807 elec-

562 832 720 873 trificata
751 833 895 873 eadem.
965 831 1078 872 Certe
1116 831 1264 872 scintilla
1307 830 1506 885 posteriori
1544 829 1621 871 casu
1652 829 1845 871 efficacior

562 908 639 936 non
672 906 782 947 erat,
816 909 929 949 quam
965 897 1079 949 priori
1111 895 1205 936 casu.

696 959 963 1012 Ampliffimus
997 959 1069 998 sese
1103 959 1164 998 hic
1199 958 1311 998 offert
1342 971 1500 1012 campus
1527 990 1537 1009 ,
1579 969 1657 1010 quo
1699 958 1840 998 stereo-

560 1024 721 1080 metriae
750 1032 936 1062 amatores
967 1021 1038 1062 sese
1068 1032 1245 1060 exercere
1277 1022 1438 1074 poffunt.
1513 1021 1558 1062 In
1602 1019 1840 1073 prismatibus

557 1086 736 1125 omnibus
767 1085 874 1124 rcffis
913 1116 923 1135 ,
973 1083 1243 1137 consequenter
1282 1085 1396 1124 etiam
1439 1084 1726 1136 infinitangulari
1762 1084 1837 1124 siue

556 1149 732 1199 cylindro
770 1158 807 1188 ct
849 1149 965 1188 ctiam
1008 1147 1161 1200 sphaera
1198 1179 1208 1198 ,
1263 1147 1368 1188 filcile
1420 1149 1600 1188 volumen
1653 1148 1837 1188 materiae

553 1212 752 1253 elediricac
786 1213 972 1251 excitatae
1003 1210 1152 1250 definiri
1186 1211 1337 1262 potest,
1373 1212 1478 1251 radio
1511 1212 1708 1252 atstiuitatis
1743 1224 1840 1264 cog·

555 1277 651 1316 nito.
731 1275 797 1315 Est
840 1275 944 1313 enim
990 1273 1083 1314 istud
1126 1275 1164 1312 in
1210 1273 1387 1325 prismate
1429 1275 1537 1314 retsto
1587 1273 1732 1313 summa
1770 1277 1834 1323 (1)

548 1352 598 1379 ex
628 1337 968 1393 parallelepipcda,
1004 1338 1105 1376 cuius
1136 1337 1227 1376 basis
1259 1338 1403 1387 integra
1436 1335 1644 1388 superficies
1673 1335 1833 1387 pruina-

552 1402 600 1442 τίς
620 1435 630 1453 ,
664 1402 821 1442 altitudo
854 1411 949 1439 vero
981 1400 1140 1452 aequalis
1174 1399 1280 1438 radio
1314 1399 1510 1437 affluit-„itis
1550 1398 1722 1450 corporis
1755 1398 1830 1437 cle-

551 1465 724 1506 tstrificati
744 1498 754 1515 ,
789 1468 797 1512 s
808 1463 850 1518 2)
882 1477 930 1504 ex
953 1464 1134 1516 prismate
1171 1495 1180 1513 ,
1221 1462 1321 1500 cuius
1357 1462 1446 1501 baiis
1477 1472 1604 1514 quarta
1640 1473 1722 1513 pars
1755 1461 1830 1500 cir-

549 1530 659 1579 culi,
696 1528 812 1576 radii,
847 1526 1008 1580 aequalis
1049 1526 1155 1566 radio
1196 1524 1393 1564 astiuitatis
1434 1525 1604 1576 corporis
1644 1523 1827 1563 cleastrifi·

547 1595 619 1632 cati
655 1603 694 1633 et
726 1591 884 1632 altitudo
914 1590 1069 1642 duplum
1104 1588 1292 1643 perimetri
1334 1588 1458 1628 baseos
1496 1587 1687 1640 prisrnatis
1714 1619 1724 1638 ‚
1767 1598 1826 1626 at-

542 1668 614 1709 que
649 1654 708 1712 (3)
741 1668 791 1695 ex
824 1654 982 1707 minan-0
1014 1655 1115 1694 cuius
1148 1653 1237 1693 basis
1271 1652 1424 1692 circulus
1452 1685 1462 1702 ,
1503 1651 1618 1700 radii,
1664 1651 1827 1703 aequalis

544 1720 652 1760 radio
686 1719 887 1761 actiuitatis
918 1719 1089 1770 corporis
1119 1713 1353 1757 electrificati
1375 1748 1384 1765 ‚
1417 1726 1457 1755 ct
1476 1715 1636 1755 altitudo
1665 1714 1825 1767 aequalis

545 1783 732 1825 altitudini
769 1782 970 1836 prifinatis‚
1008 1791 1047 1820 et
1082 1778 1141 1834 (4)
1176 1793 1226 1820 cx
1247 1776 1448 1833 sphaera,
1484 1779 1587 1819 cuius
1620 1779 1742 1817 radius
1761 1789 1823 1817 ae-

542 1847 661 1898 qualis
693 1848 798 1887 radio
832 1845 1027 1886 affinitatis
1060 1844 1228 1896 corporis
1261 1844 1508 1884 elcc‘trificati.
1574 1841 1620 1882 Iu
1654 1843 1749 1880 cubo
1782 1842 1822 1881 iu

540 1909 664 1962 specie
695 1911 745 1949 est
779 1911 961 1949 volumen
994 1909 1172 1948 materiae
1205 1907 1402 1946 eleecricae
1418 1908 1579 1960 agitatae
1606 1906 1754 1945 summa
1779 1904 1822 1959 1)

539 1961 590 2011 ex
621 1972 929 2027 parallelepipedo
949 2002 959 2022 ‚
1011 1972 1111 2010 cuius
1143 1971 1233 2010 basis
1264 1970 1480 2023 sextuplum
1517 1970 1740 2023 quadratum
1770 1968 1821 2007 la-

541 2036 628 2074 teris
664 2069 674 2085 ,
709 2047 746 2076 et
777 2037 937 2076 altitudo
979 2034 1137 2086 aequalis
1162 2035 1270 2074 mdio
1303 2035 1499 2075 affluit-atis
1531 2033 1710 2086 corporis
1740 2031 1821 2070 ele-

542 2097 729 2143 ‹stnfxcati
768 2104 812 2152 2)
846 2100 909 2142 Ex
942 2097 1104 2150 0¹ll'ndro
1123 2127 1136 2154 ,
1164 2100 1273 2143 cuius
1310 2097 1434 2140 base-os
1466 2097 1587 2141 radius
1625 2127 1638 2148 ‚
1685 2106 1822 2199 aequi}-

1805 2170 1821 2199 s
