2013 2703
355 148 436 197 IN
483 147 852 195 CORPORE
908 148 1281 198 ANIMALI.
1384 166 1527 207 371¹

188 262 260 308 hac
286 265 368 306 hbe
402 267 500 306 foret
525 278 658 319 purim,
697 266 858 307 sincerus
881 298 890 316 ,
925 276 1078 319 tumque
1097 265 1193 307 adeo
1211 266 1400 322 fimplex,
1433 278 1479 310 vt

188 331 329 384 *vbique
355 330 392 369 in
428 331 486 369 sna
514 329 711 370 diffusione
745 330 890 384 prorsus
917 331 960 371 sit
995 332 1095 371 idem
1115 361 1127 382 ‚
1162 342 1199 371 et
1233 331 1480 374 immutabilis

189 394 362 434 omnino.
401 393 503 434 Haec
539 394 764 434 admirabilis
795 394 997 435 certissime
1034 394 1108 434 res!
1145 396 1198 435 est
1231 395 1480 437 Alchemistis

188 458 274 497 ideo
303 459 508 510 quaerenda
535 460 642 497 omni
673 458 796 497 labore
814 492 824 508 ,
862 459 970 497 omni
996 459 1122 510 pretio
1148 459 1198 498 est
1228 461 1445 500 redimenda
1467 492 1479 511 ,

187 532 327 574 thote
376 535 468 575 quae
518 523 630 561 cruda
667 522 817 560 metalla
854 531 1048 566 maturat,
1082 521 1170 560 vilia
1207 523 1242 562 in
1277 536 1409 563 aurum
1440 534 1480 563 et

188 596 386 637 argentum
422 584 601 638 perficit,
636 585 772 637 reliqua
806 596 967 637 corpora
1002 585 1039 623 in
1075 585 1233 624 radicale
1275 587 1478 627 humidum

188 647 384 700 dissoluit,
417 650 494 702 iplii
530 647 677 701 prorsus
713 652 925 688 immutat-a.
1002 649 1100 688 Ideo
1144 651 1338 690 maximus
1377 651 1478 692 Her-

187 715 419 753 meticortim
454 713 561 752 labor
595 711 743 765 semper
775 713 815 752 in
850 724 901 752 eo
934 712 1000 752 fiiit
1020 743 1031 762 ‚
1065 721 1136 764 vt,
1173 716 1371 755 exurendo
1392 726 1481 756 ma-

186 777 311 817 culam
332 810 341 828 ,
375 775 558 816 infastum
593 774 667 816 hoe
701 775 881 816 tollerent
909 776 958 816 de
1001 774 1192 817 mercurio
1220 793 1231 832 '⁷
1283 791 1335 819 ex
1379 779 1482 819 vitro

186 853 280 894 ergo
315 839 509 894 puriffimo
543 841 651 880 toties
684 853 754 894 per
785 843 868 881 vim
904 842 999 894 ignis
1025 843 1064 880 in
1085 841 1310 894 excipulum
1341 855 1479 895 purum

184 905 410 960 pellebant,
445 904 566 943 donec
603 913 702 944 totus
734 905 771 944 in
806 905 999 958 puluerem
1035 904 1186 945 rubrum
1215 901 1479 945 scintillantem

187 968 357 1008 redactus
390 977 482 1007 erat.
558 967 671 1007 Hunc
716 968 910 1020 puluerem
955 971 1091 1008 iterum
1133 980 1182 1008 ex
1224 969 1332 1009 vitris
1365 981 1504 1023 vrge-·

187 1031 308 1082 bant,
344 1032 464 1070 donec
499 1030 546 1069 dc
581 1039 737 1069 mortuo
771 1030 1026 1069 restiscitabant
1070 1032 1293 1071 mercurium
1325 1033 1481 1082 viuum,

188 1108 300 1148 quem
335 1094 543 1134 habuerunt
576 1105 647 1146 pro
677 1092 974 1145 depuratiffimo.
1049 1090 1120 1132 Sed
1163 1092 1349 1133 firlluntur.
1399 1096 1478 1136 Re-

185 1158 372 1199 suscitatus
404 1158 542 1197 etenim
577 1157 708 1196 eadem
731 1188 741 1207 ‚
794 1169 865 1209 qua
897 1157 997 1210 prius
1018 1188 1028 1206 ,
1062 1156 1155 1208 ignis
1187 1157 1337 1197 :ustione
1368 1159 1480 1211 cogi.

187 1232 248 1262 tur
280 1224 414 1262 iterum
447 1222 485 1261 in
522 1220 710 1274 pollinem
744 1219 899 1260 rutilum
922 1251 932 1268 ‚
979 1221 1078 1273 qnod
1117 1219 1198 1260 fieri
1239 1219 1344 1274 posse
1386 1234 1477 1263 cum

184 1286 252 1326 suo
284 1287 474 1325 mercurio
494 1317 504 1335 ,
538 1283 647 1336 plane
676 1292 811 1336 negant
839 1286 878 1323 in
906 1293 985 1323 arte
1013 1283 1183 1336 Magistri
1202 1317 1212 1336 ‚
1248 1286 1333 1337 quia
1361 1284 1477 1328 semel

186 1348 430 1399 defoecatus,
467 1347 514 1386 ab
545 1349 632 1399 igne
669 1347 846 1400 deinceps
880 1359 956 1386 non
1000 1356 1182 1387 mutatur.
1259 1347 1475 1400 Legantur,

185 1425 281 1466 quae
322 1413 419 1452 circa
454 1410 548 1451 hanc
592 1423 673 1450 rem
715 1411 763 1450 de
805 1411 996 1451 mercurio
1027 1411 1241 1464 quingentis
1280 1422 1320 1450 et
1355 1413 1480 1452 vnde-

186 1477 268 1515 cim
300 1477 445 1515 vicibus
478 1487 543 1526 per
575 1472 610 1512 se
641 1474 850 1526 destillato,
894 1474 1030 1528 scripsit
1076 1476 1114 1514 in
1155 1473 1265 1514 Actis
1308 1475 1481 1516 Philoso-

188 1538 353 1590 phorum
391 1539 428 1576 in
461 1536 668 1577 Brittannia
702 1538 940 1579 Hermannus
982 1536 1256 1578 Boerhaavius.
1322 1540 1398 1595 Qui
1438 1548 1478 1580 et

185 1600 256 1640 alia
292 1600 480 1640 methodo
513 1600 647 1642 deinde
680 1601 986 1643 defoecationem
1022 1603 1068 1643 ab
1101 1606 1259 1654 impuro
1306 1603 1477 1653 tenmuit,

189 1663 382 1704 miscendo
429 1676 626 1716 argentum
686 1668 813 1706 viuum
856 1680 944 1707 cum
977 1666 1197 1718 corporibus
1242 1665 1476 1718 puriffimis,

189 1737 315 1768 natura
350 1727 402 1767 illi
437 1728 664 1780 simillimis,
695 1742 746 1770 ex
781 1730 917 1784 quibus
951 1731 1089 1769 iterum
1127 1741 1203 1782 ope
1223 1728 1315 1781 ignis
1335 1728 1476 1770 millies

189 1801 228 1831 et
261 1792 358 1831 vltra
392 1791 548 1832 abstulit.
614 1793 847 1833 Promittunt
881 1805 1047 1846 namque
1082 1794 1120 1832 in
1154 1803 1231 1832 arte
1268 1791 1474 1846 Principes,

189 1868 237 1895 eo
281 1856 402 1895 modo
450 1858 678 1897 mercurium
708 1891 718 1909 ‚
766 1857 889 1898 reliCta
936 1857 1039 1897 faece
1082 1858 1120 1896 in
1162 1868 1328 1909 corpore
1358 1856 1473 1907 fixo,

190 1921 412 1972 depuratum
457 1922 602 1971 penitus
640 1930 677 1960 ct
716 1921 846 1961 vinum
889 1921 1124 1962 adscendere.
1201 1918 1277 1960 Sed
1329 1921 1368 1959 in
1417 1920 1475 1959 his

192 1983 308 2022 multa
342 1985 526 2022 docentur
560 1996 650 2025 vana
673 2016 682 2034 ,
712 1985 916 2026 errantibus
947 1985 1106 2026 iiilutaria
1126 2015 1137 2037 ,
1187 1983 1211 2026 fi
1245 1983 1370 2040 sapere
1402 1996 1473 2024 vov

188 2046 269 2087 lunt
302 2048 423 2088 alieno
455 2047 622 2102 periculo
659 2048 769 2089 cauti.

732 2172 895 2228 Bbb3
1418 2171 1461 2217 Si
