2013 2703
594 134 709 186 »5⁸33
747 144 773 174 0
806 133 923 188 ἑὲ·
1340 146 1419 186 241

182 251 264 312 IN
266 247 618 320 QVISITIO
664 248 742 308 IN
792 245 1374 319 DECREMENTA

234 340 310 382 ET
329 336 716 382 INCREMENTA
738 334 978 406 CnLORIS
996 334 1331 392 SOLIDORVM

671 408 714 445 ΙΝ
744 407 872 446 AeRE

629 523 948 561 AVCTORE

453 611 504 653 o.
538 611 613 676 W.
655 609 1117 652 RICHMANN.

143 677 406 791 Maiorem
437 717 476 748 et
507 707 701 748 minorem
732 720 939 761 corporum
970 709 1154 750 virtutem
1190 706 1356 749 calorem
1376 721 1433 749 re-

296 774 436 814 tinendi
468 772 762 813 consideraturus
797 771 875 812 sum
900 807 910 825 ‚
941 786 1033 827 quae
1063 771 1187 813 sedulo
1205 772 1432 825 distinguen-

142 839 187 878 da
219 838 268 877 est
302 851 322 878 a
354 838 563 890 capacitate
595 848 732 876 eorum
767 838 908 878 maiori
942 838 1004 889 γει
1033 837 1174 878 minori
1193 836 1356 876 caloris:
1391 849 1436 877 ea

141 902 245 941 enim
280 900 355 954 ipsa
386 913 547 955 corpora
585 933 596 952 ,
648 913 744 954 quae
785 902 939 942 maioris
973 901 1105 941 caloris
1136 901 1287 954 capacia
1325 899 1437 951 sunt,

141 967 337 1005 minorem
388 963 530 1018 saepius
572 965 750 1005 virtutem
795 965 961 1017 calorem
1004 965 1189 1006 retinendi
1237 964 1402 1019 produnt
1420 956 1437 1016 ',

142 1029 199 1069 vti
233 1028 279 1067 de
315 1029 506 1068 mercurio
535 1026 676 1067 constat
700 1060 722 1078 ἢ,
771 1028 798 1068 si
837 1040 928 1068 cum
970 1041 1064 1080 aqua
1110 1038 1148 1068 et
1191 1028 1273 1069 aliis
1317 1016 1439 1082 fluidis

145 1091 376 1131 crassioribus
406 1091 608 1131 confertur.
643 1084 831 1129 Vltimam
850 1091 1126 1144 proprietatem
1149 1122 1160 1140 ,
1196 1092 1289 1131 dum
1328 1090 1437 1142 Phy-

144 1156 206 1196 fici
255 1155 423 1195 nonnulli
456 1157 493 1195 in
529 1153 753 1207 corporibus
771 1153 1010 1193 offenderent
1041 1185 1053 1204 ,
1097 1165 1183 1192 cum
1217 1154 1280 1193 ill-,1
1315 1154 1436 1192 etiam

145 1221 313 1274 priorem
349 1231 561 1259 connexam
598 1215 675 1256 effe
719 1217 953 1267 asseruerunt.
1039 1217 1202 1257 Obtinet
1255 1216 1349 1257 hinc
1398 1217 1436 1256 in

145 1284 275 1324 multis
316 1284 455 1335 scriptis
497 1281 662 1332 Physicis
700 1280 914 1333 propositio
953 1311 965 1329 ‚
1011 1292 1171 1333 corpora
1215 1293 1264 1320 eo
1294 1280 1437 1320 tardius

142 1347 338 1386 definitum
360 1346 526 1384 calorem
547 1343 732 1383 assumere
745 1376 754 1394 ‚
773 1356 849 1396 quo
867 1343 1031 1383 densiora
1050 1342 1152 1394 sunt,
1172 1353 1209 1383 et
1228 1356 1277 1384 eo
1295 1345 1437 1384 tardius

142 1408 252 1449 rursus
285 1408 450 1448 calorem
487 1407 598 1448 istum
636 1407 806 1460 perdere.
874 1407 952 1447 Alii
986 1407 1094 1448 simul
1128 1405 1328 1460 respiciunt
1368 1419 1436 1447 co-

140 1472 373 1512 haerentiam
397 1503 408 1523 ‚
451 1481 488 1512 et
521 1472 687 1522 credunt,
732 1471 1013 1512 cohaerentiam
1035 1472 1142 1512 simul
1163 1473 1326 1512 sumtam
1346 1483 1437 1525 cum

141 1535 321 1575 densitate
353 1535 507 1575 efficere
542 1536 729 1575 maiorem
762 1535 823 1575 vel
857 1535 1056 1576 minorem
1106 1537 1288 1576 virtutem
1329 1536 1438 1576 calo·

143 1612 222 1638 rem
260 1599 470 1649 retinendi,
503 1608 541 1638 et
574 1599 695 1639 motui
729 1611 780 1639 ex
814 1599 942 1639 calore
976 1599 1173 1640 resistendi.
1209 1599 1272 1640 De
1305 1612 1435 1654 argen-

142 1673 185 1703 to
221 1663 313 1701 xixo
346 1663 507 1712 ostendi,
541 1662 626 1703 illud
647 1696 658 1714 ,
692 1661 781 1703 licet
799 1663 955 1703 fluidum
977 1663 1020 1704 sit
1054 1662 1309 1704 denfiffimum
1329 1696 1340 1715 ,
1378 1666 1438 1703 ni-

145 1726 225 1766 hilo
264 1726 384 1765 miuus
425 1727 544 1766 motui
581 1739 628 1766 ex
663 1727 790 1766 calore
830 1727 1179 1768 obedientissimum
1217 1726 1293 1767 ess‘e
1337 1728 1435 1779 inter

144 1790 255 1830 fluida
287 1789 467 1830 crassiora.
535 1789 662 1831 Solida
700 1803 798 1830 nunc
832 1791 891 1830 sub
926 1803 1093 1830 examen
1114 1803 1217 1830 voco
1238 1824 1247 1840 ,
1284 1799 1322 1830 et
1342 1791 1433 1830 edo-

143 1867 235 1893 ceor
255 1887 264 1904 ,
300 1854 402 1893 idem
434 1854 601 1894 obtinere
620 1887 631 1905 ,
673 1866 795 1909 neque
831 1854 1083 1895 mobilitatem
1106 1856 1291 1894 maiorem
1312 1866 1334 1894 a
1376 1866 1435 1895 ca-

145 1918 223 1957 lore
257 1916 320 1971 (1)
357 1917 522 1957 densitati
553 1919 708 1970 minori,
727 1931 848 1973 nequ-e
883 1917 942 1973 (2)
969 1918 1239 1959 cohaerentiae
1267 1919 1435 1968 minori,

145 1993 265 2033 neque
303 1979 361 2035 (3)
402 1982 551 2034 Vtrique
583 1982 687 2022 simul
706 2015 717 2033 ‚
751 1995 871 2036 neque
891 1981 955 2038 (4)
985 1984 1132 2023 duritiei
1152 1984 1294 2023 minori
1314 2014 1324 2033 ,
1368 1994 1436 2022 ne-

145 2057 216 2097 que
250 2047 404 2085 tandem
440 2047 503 2092 (5)
523 2046 696 2086 omnibus
713 2047 824 2088 simul
845 2078 858 2099 ,
893 2045 969 2088 esse
995 2046 1286 2087 adscribendam.
1326 2046 1361 2086 E
1394 2059 1436 2086 re

145 2109 283 2148 etenim
318 2109 446 2162 vtique
487 2106 596 2158 esse,
627 2119 664 2149 et
706 2111 752 2151 ad
786 2112 1071 2154 incrementum
1104 2111 1278 2152 scientiae
1313 2109 1432 2150 facere

209 2172 330 2213 Tom.
352 2172 424 2215 IV.
444 2173 551 2215 Nou.
572 2170 692 2214 Com.
884 2175 922 2217 H
958 2176 984 2218 h
1249 2175 1426 2223 videtur,
