<?xml version="1.0" encoding="UTF-8"?>
<!DOCTYPE html PUBLIC "-//W3C//DTD XHTML 1.0 Transitional//EN"
    "http://www.w3.org/TR/xhtml1/DTD/xhtml1-transitional.dtd">
<html xmlns="http://www.w3.org/1999/xhtml" xml:lang="en" lang="en">
 <head>
  <title>
</title>
<meta http-equiv="Content-Type" content="text/html;charset=utf-8" />
  <meta name='ocr-system' content='tesseract 3.04.00' />
  <meta name='ocr-capabilities' content='ocr_page ocr_carea ocr_par ocr_line ocrx_word'/>
</head>
<body>
  <div class='ocr_page' id='page_1' title='image "./novicommentariac04impe_0407.png"; bbox 0 0 2013 2703; ppageno 0'>
   <div class='ocr_carea' id='block_1_1' title="bbox 438 127 1419 186">
    <p class='ocr_par' dir='ltr' id='par_1_1' title="bbox 438 127 1419 186">
     <span class='ocr_line' id='line_1_1' title="bbox 438 127 1419 186; baseline 0.013 -13"><span class='ocrx_word' id='word_1_1' title='bbox 438 127 549 174; x_wconf 87' lang='grc' dir='ltr'>ΕΤ</span> <span class='ocrx_word' id='word_1_2' title='bbox 615 130 849 175; x_wconf 85' lang='lat' dir='ltr'><strong><em>EIVS</em></strong></span> <span class='ocrx_word' id='word_1_3' title='bbox 909 128 1087 177; x_wconf 79' lang='lat' dir='ltr'>VSV</span> <span class='ocrx_word' id='word_1_4' title='bbox 1322 143 1419 186; x_wconf 70' lang='lat'>3:³⁷</span> 
     </span>
    </p>
   </div>
   <div class='ocr_carea' id='block_1_2' title="bbox 121 249 1419 2209">
    <p class='ocr_par' dir='ltr' id='par_1_2' title="bbox 129 249 1419 687">
     <span class='ocr_line' id='line_1_2' title="bbox 132 249 1416 308; baseline 0.002 -17"><span class='ocrx_word' id='word_1_5' title='bbox 132 249 280 307; x_wconf 79' lang='lat' dir='ltr'>Quodfi</span> <span class='ocrx_word' id='word_1_6' title='bbox 299 263 390 292; x_wconf 89' lang='lat' dir='ltr'>cum</span> <span class='ocrx_word' id='word_1_7' title='bbox 409 251 548 292; x_wconf 87' lang='lat' dir='ltr'>obtuso</span> <span class='ocrx_word' id='word_1_8' title='bbox 580 263 744 306; x_wconf 89' lang='lat' dir='ltr'>corpore</span> <span class='ocrx_word' id='word_1_9' title='bbox 777 252 879 292; x_wconf 87' lang='lat' dir='ltr'>idem</span> <span class='ocrx_word' id='word_1_10' title='bbox 915 250 983 303; x_wconf 86' lang='lat' dir='ltr'>fit,</span> <span class='ocrx_word' id='word_1_11' title='bbox 1014 250 1241 294; x_wconf 69' lang='lat' dir='ltr'>electi-icitas</span> <span class='ocrx_word' id='word_1_12' title='bbox 1270 263 1416 308; x_wconf 85' lang='lat' dir='ltr'>corpo-</span> 
     </span>
     <span class='ocr_line' id='line_1_3' title="bbox 132 315 1419 369; baseline 0.003 -14"><span class='ocrx_word' id='word_1_13' title='bbox 132 317 180 356; x_wconf 81' lang='lat' dir='ltr'>ris</span> <span class='ocrx_word' id='word_1_14' title='bbox 213 316 445 356; x_wconf 81' lang='lat' dir='ltr'>electrificati</span> <span class='ocrx_word' id='word_1_15' title='bbox 478 317 616 357; x_wconf 81' lang='lat' dir='ltr'>tardius</span> <span class='ocrx_word' id='word_1_16' title='bbox 648 315 855 367; x_wconf 83' lang='lat' dir='ltr'>decrescit,</span> <span class='ocrx_word' id='word_1_17' title='bbox 890 326 930 356; x_wconf 88' lang='lat' dir='ltr'>et</span> <span class='ocrx_word' id='word_1_18' title='bbox 961 327 1100 369; x_wconf 86' lang='lat' dir='ltr'>corpus</span> <span class='ocrx_word' id='word_1_19' title='bbox 1137 316 1309 358; x_wconf 86' lang='lat' dir='ltr'>obtusum</span> <span class='ocrx_word' id='word_1_20' title='bbox 1342 317 1419 359; x_wconf 89' lang='lat' dir='ltr'>dis-</span> 
     </span>
     <span class='ocr_line' id='line_1_4' title="bbox 131 379 1415 434; baseline 0.002 -14"><span class='ocrx_word' id='word_1_21' title='bbox 131 379 268 420; x_wconf 73' lang='lat' dir='ltr'>ficilins</span> <span class='ocrx_word' id='word_1_22' title='bbox 303 381 582 421; x_wconf 78' lang='lat' dir='ltr'>electrificatur.</span> <span class='ocrx_word' id='word_1_23' title='bbox 658 381 757 421; x_wconf 88' lang='lat' dir='ltr'>Hinc</span> <span class='ocrx_word' id='word_1_24' title='bbox 798 392 877 420; x_wconf 91' lang='lat' dir='ltr'>non</span> <span class='ocrx_word' id='word_1_25' title='bbox 919 381 1165 421; x_wconf 83' lang='lat' dir='ltr'>dubitandum</span> <span class='ocrx_word' id='word_1_26' title='bbox 1204 413 1215 433; x_wconf 84' lang='lat'>,</span> <span class='ocrx_word' id='word_1_27' title='bbox 1264 381 1415 434; x_wconf 72' lang='lat' dir='ltr'>virgam</span> 
     </span>
     <span class='ocr_line' id='line_1_5' title="bbox 132 443 1415 496; baseline 0 -12"><span class='ocrx_word' id='word_1_28' title='bbox 132 446 290 485; x_wconf 80' lang='lat' dir='ltr'>ferream</span> <span class='ocrx_word' id='word_1_29' title='bbox 326 455 473 484; x_wconf 85' lang='lat' dir='ltr'>acutam</span> <span class='ocrx_word' id='word_1_30' title='bbox 511 454 609 485; x_wconf 84' lang='lat' dir='ltr'>recte</span> <span class='ocrx_word' id='word_1_31' title='bbox 645 443 828 484; x_wconf 76' lang='lat' dir='ltr'>suffultam</span> <span class='ocrx_word' id='word_1_32' title='bbox 863 445 1084 496; x_wconf 85' lang='lat' dir='ltr'>corporibus</span> <span class='ocrx_word' id='word_1_33' title='bbox 1100 445 1322 496; x_wconf 81' lang='lat' dir='ltr'>originariae</span> <span class='ocrx_word' id='word_1_34' title='bbox 1339 446 1415 485; x_wconf 88' lang='lat' dir='ltr'>ele-</span> 
     </span>
     <span class='ocr_line' id='line_1_6' title="bbox 133 506 1417 562; baseline 0.001 -15"><span class='ocrx_word' id='word_1_35' title='bbox 133 509 325 549; x_wconf 73' lang='lat' dir='ltr'>e‘tricitntis</span> <span class='ocrx_word' id='word_1_36' title='bbox 350 519 389 548; x_wconf 91' lang='lat' dir='ltr'>et</span> <span class='ocrx_word' id='word_1_37' title='bbox 416 509 697 562; x_wconf 77' lang='lat' dir='ltr'>atmoi&#39;phacrae</span> <span class='ocrx_word' id='word_1_38' title='bbox 715 508 982 546; x_wconf 60' lang='lat' dir='ltr'>eleetrificatae</span> <span class='ocrx_word' id='word_1_39' title='bbox 1003 506 1221 559; x_wconf 84' lang='lat' dir='ltr'>expositam</span> <span class='ocrx_word' id='word_1_40' title='bbox 1250 509 1417 548; x_wconf 89' lang='lat' dir='ltr'>immer-</span> 
     </span>
     <span class='ocr_line' id='line_1_7' title="bbox 129 569 1416 625; baseline 0.002 -14"><span class='ocrx_word' id='word_1_41' title='bbox 129 572 205 612; x_wconf 78' lang='lat' dir='ltr'>sam</span> <span class='ocrx_word' id='word_1_42' title='bbox 239 572 311 612; x_wconf 84' lang='lat' dir='ltr'>effe</span> <span class='ocrx_word' id='word_1_43' title='bbox 363 573 552 612; x_wconf 88' lang='lat' dir='ltr'>volumini</span> <span class='ocrx_word' id='word_1_44' title='bbox 604 571 783 610; x_wconf 66' lang='lat' dir='ltr'>materiae</span> <span class='ocrx_word' id='word_1_45' title='bbox 831 569 1028 618; x_wconf 67' lang='lat' dir='ltr'>electricae</span> <span class='ocrx_word' id='word_1_46' title='bbox 1078 570 1272 624; x_wconf 80' lang='lat' dir='ltr'>agitatae,</span> <span class='ocrx_word' id='word_1_47' title='bbox 1321 583 1416 625; x_wconf 84' lang='lat' dir='ltr'>quae</span> 
     </span>
     <span class='ocr_line' id='line_1_8' title="bbox 130 633 1116 687; baseline -0.003 -11"><span class='ocrx_word' id='word_1_48' title='bbox 130 638 274 676; x_wconf 84' lang='lat' dir='ltr'>nubem</span> <span class='ocrx_word' id='word_1_49' title='bbox 305 635 585 675; x_wconf 73' lang='lat' dir='ltr'>eletstrificatam</span> <span class='ocrx_word' id='word_1_50' title='bbox 618 635 747 687; x_wconf 79' lang='lat' dir='ltr'>virgae</span> <span class='ocrx_word' id='word_1_51' title='bbox 781 633 947 675; x_wconf 78' lang='lat' dir='ltr'>vicinam</span> <span class='ocrx_word' id='word_1_52' title='bbox 982 634 1116 687; x_wconf 82' lang='lat' dir='ltr'>cingit.</span> 
     </span>
    </p>

    <p class='ocr_par' dir='ltr' id='par_1_3' title="bbox 128 698 1419 943">
     <span class='ocr_line' id='line_1_9' title="bbox 200 698 1419 753; baseline 0.001 -15"><span class='ocrx_word' id='word_1_53' title='bbox 200 698 241 753; x_wconf 86' lang='lat'>2)</span> <span class='ocrx_word' id='word_1_54' title='bbox 274 699 474 739; x_wconf 80' lang='lat' dir='ltr'>Obseruaui</span> <span class='ocrx_word' id='word_1_55' title='bbox 507 709 659 738; x_wconf 73' lang='lat' dir='ltr'>catenae</span> <span class='ocrx_word' id='word_1_56' title='bbox 692 698 979 738; x_wconf 68' lang='lat' dir='ltr'>electi-icitatem</span> <span class='ocrx_word' id='word_1_57' title='bbox 1012 709 1093 737; x_wconf 89' lang='lat' dir='ltr'>non</span> <span class='ocrx_word' id='word_1_58' title='bbox 1119 698 1247 752; x_wconf 88' lang='lat' dir='ltr'>augeri</span> <span class='ocrx_word' id='word_1_59' title='bbox 1268 698 1320 739; x_wconf 91' lang='lat' dir='ltr'>ob</span> <span class='ocrx_word' id='word_1_60' title='bbox 1339 698 1419 740; x_wconf 70' lang='lat' dir='ltr'>eius</span> 
     </span>
     <span class='ocr_line' id='line_1_10' title="bbox 129 761 1414 816; baseline 0.001 -14"><span class='ocrx_word' id='word_1_61' title='bbox 129 762 423 816; x_wconf 78' lang='lat' dir='ltr'>longitudinem.</span> <span class='ocrx_word' id='word_1_62' title='bbox 498 762 668 802; x_wconf 81' lang='lat' dir='ltr'>Adhibui</span> <span class='ocrx_word' id='word_1_63' title='bbox 714 773 799 809; x_wconf 78' lang='lat'>130</span> <span class='ocrx_word' id='word_1_64' title='bbox 842 763 986 815; x_wconf 86' lang='lat' dir='ltr'>pedum</span> <span class='ocrx_word' id='word_1_65' title='bbox 1027 761 1154 803; x_wconf 90' lang='lat' dir='ltr'>Lond.</span> <span class='ocrx_word' id='word_1_66' title='bbox 1201 773 1414 816; x_wconf 72' lang='lat' dir='ltr'>caten21m3</span> 
     </span>
     <span class='ocr_line' id='line_1_11' title="bbox 128 827 1415 881; baseline 0.001 -16"><span class='ocrx_word' id='word_1_67' title='bbox 128 827 346 866; x_wconf 66' lang='lat' dir='ltr'>ele-&amp;ricinis</span> <span class='ocrx_word' id='word_1_68' title='bbox 377 835 506 866; x_wconf 81' lang='lat' dir='ltr'>tamen</span> <span class='ocrx_word' id='word_1_69' title='bbox 542 838 620 867; x_wconf 90' lang='lat' dir='ltr'>non</span> <span class='ocrx_word' id='word_1_70' title='bbox 661 836 745 868; x_wconf 83' lang='lat' dir='ltr'>erat</span> <span class='ocrx_word' id='word_1_71' title='bbox 793 828 915 868; x_wconf 77' lang='lat' dir='ltr'>maior</span> <span class='ocrx_word' id='word_1_72' title='bbox 950 858 963 879; x_wconf 81' lang='lat'>,</span> <span class='ocrx_word' id='word_1_73' title='bbox 1014 838 1132 881; x_wconf 85' lang='lat' dir='ltr'>quam</span> <span class='ocrx_word' id='word_1_74' title='bbox 1167 836 1321 868; x_wconf 78' lang='lat' dir='ltr'>catenae</span> <span class='ocrx_word' id='word_1_75' title='bbox 1352 830 1415 866; x_wconf 88' lang='lat'>66</span> 
     </span>
     <span class='ocr_line' id='line_1_12' title="bbox 129 891 287 943; baseline -0.006 -13"><span class='ocrx_word' id='word_1_76' title='bbox 129 891 287 943; x_wconf 90' lang='lat' dir='ltr'>pedum.</span> 
     </span>
    </p>

    <p class='ocr_par' dir='ltr' id='par_1_4' title="bbox 129 953 1419 1312">
     <span class='ocr_line' id='line_1_13' title="bbox 197 953 1413 1004; baseline 0.003 -12"><span class='ocrx_word' id='word_1_77' title='bbox 197 960 242 1004; x_wconf 75' lang='lat'>3)</span> <span class='ocrx_word' id='word_1_78' title='bbox 274 953 399 1004; x_wconf 87' lang='lat' dir='ltr'>Vidi,</span> <span class='ocrx_word' id='word_1_79' title='bbox 441 953 730 995; x_wconf 68' lang='lat' dir='ltr'>elestricitatem</span> <span class='ocrx_word' id='word_1_80' title='bbox 772 955 980 996; x_wconf 83' lang='lat' dir='ltr'>naturalem</span> <span class='ocrx_word' id='word_1_81' title='bbox 1023 966 1179 996; x_wconf 85' lang='lat' dir='ltr'>manere</span> <span class='ocrx_word' id='word_1_82' title='bbox 1222 955 1413 996; x_wconf 87' lang='lat' dir='ltr'>interdum</span> 
     </span>
     <span class='ocr_line' id='line_1_14' title="bbox 130 1017 1417 1072; baseline 0.002 -16"><span class='ocrx_word' id='word_1_83' title='bbox 130 1018 312 1070; x_wconf 73' lang='lat' dir='ltr'>integram</span> <span class='ocrx_word' id='word_1_84' title='bbox 348 1030 418 1070; x_wconf 90' lang='lat' dir='ltr'>per</span> <span class='ocrx_word' id='word_1_85' title='bbox 450 1028 621 1069; x_wconf 76' lang='lat' dir='ltr'>quartam</span> <span class='ocrx_word' id='word_1_86' title='bbox 655 1018 776 1057; x_wconf 86' lang='lat' dir='ltr'>ferme</span> <span class='ocrx_word' id='word_1_87' title='bbox 812 1018 929 1057; x_wconf 86' lang='lat' dir='ltr'>horae</span> <span class='ocrx_word' id='word_1_88' title='bbox 958 1028 1137 1072; x_wconf 69' lang='lat' dir='ltr'>partem,</span> <span class='ocrx_word' id='word_1_89' title='bbox 1169 1017 1258 1059; x_wconf 88' lang='lat' dir='ltr'>licet</span> <span class='ocrx_word' id='word_1_90' title='bbox 1275 1021 1417 1071; x_wconf 85' lang='lat' dir='ltr'>saepius</span> 
     </span>
     <span class='ocr_line' id='line_1_15' title="bbox 131 1081 1419 1134; baseline 0.002 -15"><span class='ocrx_word' id='word_1_91' title='bbox 131 1081 272 1121; x_wconf 71' lang='lat' dir='ltr'>interea</span> <span class='ocrx_word' id='word_1_92' title='bbox 309 1081 495 1133; x_wconf 77' lang='lat' dir='ltr'>temporis</span> <span class='ocrx_word' id='word_1_93' title='bbox 528 1091 743 1133; x_wconf 81' lang='lat' dir='ltr'>tangeretur</span> <span class='ocrx_word' id='word_1_94' title='bbox 774 1091 936 1133; x_wconf 79' lang='lat' dir='ltr'>catena;</span> <span class='ocrx_word' id='word_1_95' title='bbox 970 1091 1010 1120; x_wconf 89' lang='lat' dir='ltr'>et</span> <span class='ocrx_word' id='word_1_96' title='bbox 1044 1081 1114 1120; x_wconf 87' lang='lat' dir='ltr'>Vir</span> <span class='ocrx_word' id='word_1_97' title='bbox 1150 1081 1419 1134; x_wconf 67' lang='lat' dir='ltr'>Ampliffimus</span> 
     </span>
     <span class='ocr_line' id='line_1_16' title="bbox 130 1143 1413 1185; baseline 0.002 -2"><span class='ocrx_word' id='word_1_98' title='bbox 130 1144 397 1184; x_wconf 79' lang='lat' dir='ltr'>Lomonolow</span> <span class='ocrx_word' id='word_1_99' title='bbox 433 1145 644 1184; x_wconf 82' lang='lat' dir='ltr'>Obseruauit</span> <span class='ocrx_word' id='word_1_100' title='bbox 676 1145 752 1184; x_wconf 85' lang='lat' dir='ltr'>fine</span> <span class='ocrx_word' id='word_1_101' title='bbox 786 1145 894 1183; x_wconf 88' lang='lat' dir='ltr'>omni</span> <span class='ocrx_word' id='word_1_102' title='bbox 929 1146 1072 1184; x_wconf 89' lang='lat' dir='ltr'>tonitru</span> <span class='ocrx_word' id='word_1_103' title='bbox 1103 1154 1143 1184; x_wconf 91' lang='lat' dir='ltr'>et</span> <span class='ocrx_word' id='word_1_104' title='bbox 1161 1143 1320 1184; x_wconf 89' lang='lat' dir='ltr'>fulmine</span> <span class='ocrx_word' id='word_1_105' title='bbox 1339 1144 1413 1185; x_wconf 79' lang='lat' dir='ltr'>ele·</span> 
     </span>
     <span class='ocr_line' id='line_1_17' title="bbox 129 1208 1417 1261; baseline 0.002 -14"><span class='ocrx_word' id='word_1_106' title='bbox 129 1209 356 1248; x_wconf 60' lang='lat' dir='ltr'>&amp;sicit-atem</span> <span class='ocrx_word' id='word_1_107' title='bbox 392 1208 571 1261; x_wconf 84' lang='lat' dir='ltr'>insignem</span> <span class='ocrx_word' id='word_1_108' title='bbox 601 1208 926 1248; x_wconf 79' lang='lat' dir='ltr'>communicatam</span> <span class='ocrx_word' id='word_1_109' title='bbox 958 1208 1036 1248; x_wconf 81' lang='lat' dir='ltr'>efle</span> <span class='ocrx_word' id='word_1_110' title='bbox 1063 1220 1154 1249; x_wconf 88' lang='lat' dir='ltr'>cum</span> <span class='ocrx_word' id='word_1_111' title='bbox 1186 1208 1286 1249; x_wconf 85' lang='lat' dir='ltr'>ferro</span> <span class='ocrx_word' id='word_1_112' title='bbox 1310 1209 1417 1249; x_wconf 65' lang='lat' dir='ltr'>reste</span> 
     </span>
     <span class='ocr_line' id='line_1_18' title="bbox 130 1272 290 1312; baseline 0 -1"><span class='ocrx_word' id='word_1_113' title='bbox 130 1272 290 1312; x_wconf 77' lang='lat' dir='ltr'>iiiffulto.</span> 
     </span>
    </p>

    <p class='ocr_par' dir='ltr' id='par_1_5' title="bbox 121 1333 1417 1755">
     <span class='ocr_line' id='line_1_19' title="bbox 189 1333 1417 1388; baseline 0.002 -13"><span class='ocrx_word' id='word_1_114' title='bbox 189 1335 235 1388; x_wconf 86' lang='lat'>4)</span> <span class='ocrx_word' id='word_1_115' title='bbox 271 1335 378 1375; x_wconf 91' lang='lat' dir='ltr'>Dum</span> <span class='ocrx_word' id='word_1_116' title='bbox 411 1343 589 1387; x_wconf 80' lang='lat' dir='ltr'>tonaret,</span> <span class='ocrx_word' id='word_1_117' title='bbox 632 1333 920 1375; x_wconf 69' lang='lat' dir='ltr'>elestricitatem</span> <span class='ocrx_word' id='word_1_118' title='bbox 965 1334 1193 1388; x_wconf 49' lang='lat' dir='ltr'>productam</span> <span class='ocrx_word' id='word_1_119' title='bbox 1235 1336 1315 1376; x_wconf 80' lang='lat' dir='ltr'>vidi</span> <span class='ocrx_word' id='word_1_120' title='bbox 1356 1337 1417 1378; x_wconf 80' lang='lat' dir='ltr'>di-</span> 
     </span>
     <span class='ocr_line' id='line_1_20' title="bbox 128 1398 1415 1454; baseline 0.003 -17"><span class='ocrx_word' id='word_1_121' title='bbox 128 1399 246 1437; x_wconf 86' lang='lat' dir='ltr'>minui</span> <span class='ocrx_word' id='word_1_122' title='bbox 277 1407 316 1437; x_wconf 90' lang='lat' dir='ltr'>et</span> <span class='ocrx_word' id='word_1_123' title='bbox 346 1399 536 1438; x_wconf 85' lang='lat' dir='ltr'>interdum</span> <span class='ocrx_word' id='word_1_124' title='bbox 571 1399 705 1438; x_wconf 77' lang='lat' dir='ltr'>cessare</span> <span class='ocrx_word' id='word_1_125' title='bbox 726 1430 736 1449; x_wconf 85' lang='lat'>,</span> <span class='ocrx_word' id='word_1_126' title='bbox 771 1399 820 1438; x_wconf 79' lang='lat' dir='ltr'>ita</span> <span class='ocrx_word' id='word_1_127' title='bbox 843 1431 852 1449; x_wconf 85' lang='lat'>,</span> <span class='ocrx_word' id='word_1_128' title='bbox 887 1408 928 1438; x_wconf 75' lang='lat' dir='ltr'>vt</span> <span class='ocrx_word' id='word_1_129' title='bbox 962 1399 1070 1439; x_wconf 86' lang='lat' dir='ltr'>filum</span> <span class='ocrx_word' id='word_1_130' title='bbox 1106 1398 1241 1438; x_wconf 88' lang='lat' dir='ltr'>indicis</span> <span class='ocrx_word' id='word_1_131' title='bbox 1267 1401 1415 1454; x_wconf 80' lang='lat' dir='ltr'>regulae</span> 
     </span>
     <span class='ocr_line' id='line_1_21' title="bbox 127 1460 1409 1504; baseline -0.001 -3"><span class='ocrx_word' id='word_1_132' title='bbox 127 1462 358 1502; x_wconf 78' lang='lat' dir='ltr'>adhaereret.</span> <span class='ocrx_word' id='word_1_133' title='bbox 426 1463 512 1502; x_wconf 79' lang='lat' dir='ltr'>Hoc</span> <span class='ocrx_word' id='word_1_134' title='bbox 548 1464 664 1502; x_wconf 81' lang='lat' dir='ltr'>etiam</span> <span class='ocrx_word' id='word_1_135' title='bbox 700 1460 868 1502; x_wconf 90' lang='lat' dir='ltr'>Berolini</span> <span class='ocrx_word' id='word_1_136' title='bbox 903 1475 923 1502; x_wconf 87' lang='lat' dir='ltr'>a</span> <span class='ocrx_word' id='word_1_137' title='bbox 956 1461 1040 1503; x_wconf 86' lang='lat' dir='ltr'>Cel.</span> <span class='ocrx_word' id='word_1_138' title='bbox 1077 1461 1255 1503; x_wconf 82' lang='lat' dir='ltr'>Ludolffo</span> <span class='ocrx_word' id='word_1_139' title='bbox 1287 1463 1409 1504; x_wconf 73' lang='lat' dir='ltr'>obstr.</span> 
     </span>
     <span class='ocr_line' id='line_1_22' title="bbox 127 1525 1413 1579; baseline 0.004 -15"><span class='ocrx_word' id='word_1_140' title='bbox 127 1535 259 1564; x_wconf 73' lang='lat' dir='ltr'>vatum</span> <span class='ocrx_word' id='word_1_141' title='bbox 296 1525 347 1565; x_wconf 87' lang='lat' dir='ltr'>est</span> <span class='ocrx_word' id='word_1_142' title='bbox 380 1526 614 1578; x_wconf 83' lang='lat' dir='ltr'>praecedenti</span> <span class='ocrx_word' id='word_1_143' title='bbox 648 1538 748 1565; x_wconf 82' lang='lat' dir='ltr'>anno</span> <span class='ocrx_word' id='word_1_144' title='bbox 783 1558 793 1577; x_wconf 89' lang='lat'>,</span> <span class='ocrx_word' id='word_1_145' title='bbox 847 1537 887 1566; x_wconf 85' lang='lat' dir='ltr'>et</span> <span class='ocrx_word' id='word_1_146' title='bbox 927 1528 1079 1579; x_wconf 81' lang='lat' dir='ltr'>quidem</span> <span class='ocrx_word' id='word_1_147' title='bbox 1122 1527 1413 1569; x_wconf 71' lang='lat' dir='ltr'>electricitatem</span> 
     </span>
     <span class='ocr_line' id='line_1_23' title="bbox 126 1588 1415 1646; baseline 0.004 -19"><span class='ocrx_word' id='word_1_148' title='bbox 126 1590 307 1642; x_wconf 81' lang='lat' dir='ltr'>proxime</span> <span class='ocrx_word' id='word_1_149' title='bbox 352 1598 439 1627; x_wconf 80' lang='lat' dir='ltr'>ante</span> <span class='ocrx_word' id='word_1_150' title='bbox 483 1588 622 1629; x_wconf 84' lang='lat' dir='ltr'>fulmen</span> <span class='ocrx_word' id='word_1_151' title='bbox 664 1588 767 1629; x_wconf 73' lang='lat' dir='ltr'>fuisse</span> <span class='ocrx_word' id='word_1_152' title='bbox 810 1592 1025 1632; x_wconf 79' lang='lat' dir='ltr'>maximam</span> <span class='ocrx_word' id='word_1_153' title='bbox 1061 1601 1100 1631; x_wconf 87' lang='lat' dir='ltr'>et</span> <span class='ocrx_word' id='word_1_154' title='bbox 1134 1590 1289 1631; x_wconf 84' lang='lat' dir='ltr'>fulmine</span> <span class='ocrx_word' id='word_1_155' title='bbox 1326 1604 1415 1646; x_wconf 88' lang='lat' dir='ltr'>pro·</span> 
     </span>
     <span class='ocr_line' id='line_1_24' title="bbox 127 1652 1410 1708; baseline 0.005 -17"><span class='ocrx_word' id='word_1_156' title='bbox 127 1652 244 1691; x_wconf 63' lang='lat' dir='ltr'>ducto</span> <span class='ocrx_word' id='word_1_157' title='bbox 278 1653 506 1691; x_wconf 81' lang='lat' dir='ltr'>diminutam</span> <span class='ocrx_word' id='word_1_158' title='bbox 528 1654 820 1707; x_wconf 78' lang='lat' dir='ltr'>,interdumque</span> <span class='ocrx_word' id='word_1_159' title='bbox 858 1654 999 1708; x_wconf 86' lang='lat' dir='ltr'>prorsus</span> <span class='ocrx_word' id='word_1_160' title='bbox 1039 1654 1283 1696; x_wconf 61' lang='lat' dir='ltr'>exstinctam.</span> <span class='ocrx_word' id='word_1_161' title='bbox 1325 1655 1410 1697; x_wconf 92' lang='lat' dir='ltr'>Ob-</span> 
     </span>
     <span class='ocr_line' id='line_1_25' title="bbox 121 1715 266 1755; baseline 0 -1"><span class='ocrx_word' id='word_1_162' title='bbox 121 1715 266 1755; x_wconf 58' lang='lat' dir='ltr'>{crunni</span> 
     </span>
    </p>

    <p class='ocr_par' dir='ltr' id='par_1_6' title="bbox 129 1778 1412 2157">
     <span class='ocr_line' id='line_1_26' title="bbox 199 1778 1408 1831; baseline 0.005 -14"><span class='ocrx_word' id='word_1_163' title='bbox 199 1779 240 1831; x_wconf 72' lang='lat'>5)</span> <span class='ocrx_word' id='word_1_164' title='bbox 277 1790 361 1818; x_wconf 87' lang='lat' dir='ltr'>cum</span> <span class='ocrx_word' id='word_1_165' title='bbox 397 1778 473 1830; x_wconf 75' lang='lat' dir='ltr'>ipso</span> <span class='ocrx_word' id='word_1_166' title='bbox 506 1779 661 1820; x_wconf 87' lang='lat' dir='ltr'>fulmine</span> <span class='ocrx_word' id='word_1_167' title='bbox 690 1790 729 1821; x_wconf 88' lang='lat' dir='ltr'>et</span> <span class='ocrx_word' id='word_1_168' title='bbox 763 1783 906 1821; x_wconf 85' lang='lat' dir='ltr'>tonitru</span> <span class='ocrx_word' id='word_1_169' title='bbox 943 1781 1228 1823; x_wconf 62' lang='lat' dir='ltr'>ele&amp;ricitatem</span> <span class='ocrx_word' id='word_1_170' title='bbox 1253 1790 1408 1823; x_wconf 87' lang='lat' dir='ltr'>catenae</span> 
     </span>
     <span class='ocr_line' id='line_1_27' title="bbox 130 1841 1408 1894; baseline 0.005 -13"><span class='ocrx_word' id='word_1_171' title='bbox 130 1853 252 1882; x_wconf 70' lang='lat' dir='ltr'>ortam</span> <span class='ocrx_word' id='word_1_172' title='bbox 299 1841 403 1890; x_wconf 76' lang='lat' dir='ltr'>effe,</span> <span class='ocrx_word' id='word_1_173' title='bbox 439 1852 476 1881; x_wconf 91' lang='lat' dir='ltr'>et</span> <span class='ocrx_word' id='word_1_174' title='bbox 512 1845 589 1894; x_wconf 74' lang='lat' dir='ltr'>post</span> <span class='ocrx_word' id='word_1_175' title='bbox 624 1844 764 1885; x_wconf 79' lang='lat' dir='ltr'>fiilmen</span> <span class='ocrx_word' id='word_1_176' title='bbox 800 1856 836 1885; x_wconf 89' lang='lat' dir='ltr'>et</span> <span class='ocrx_word' id='word_1_177' title='bbox 872 1846 1010 1886; x_wconf 88' lang='lat' dir='ltr'>tonitru</span> <span class='ocrx_word' id='word_1_178' title='bbox 1043 1846 1165 1885; x_wconf 81' lang='lat' dir='ltr'>subito</span> <span class='ocrx_word' id='word_1_179' title='bbox 1183 1847 1408 1887; x_wconf 78' lang='lat' dir='ltr'>minutam:</span> 
     </span>
     <span class='ocr_line' id='line_1_28' title="bbox 130 1904 1408 1960; baseline 0.004 -14"><span class='ocrx_word' id='word_1_180' title='bbox 130 1908 221 1946; x_wconf 91' lang='lat' dir='ltr'>dum</span> <span class='ocrx_word' id='word_1_181' title='bbox 259 1905 332 1945; x_wconf 89' lang='lat' dir='ltr'>hoc</span> <span class='ocrx_word' id='word_1_182' title='bbox 367 1904 472 1944; x_wconf 77' lang='lat' dir='ltr'>fieret</span> <span class='ocrx_word' id='word_1_183' title='bbox 504 1906 611 1946; x_wconf 85' lang='lat' dir='ltr'>simul</span> <span class='ocrx_word' id='word_1_184' title='bbox 646 1910 773 1948; x_wconf 81' lang='lat' dir='ltr'>notaui</span> <span class='ocrx_word' id='word_1_185' title='bbox 810 1942 821 1960; x_wconf 85' lang='lat'>,</span> <span class='ocrx_word' id='word_1_186' title='bbox 874 1910 1081 1950; x_wconf 77' lang='lat' dir='ltr'>decrescere</span> <span class='ocrx_word' id='word_1_187' title='bbox 1122 1910 1408 1951; x_wconf 69' lang='lat' dir='ltr'>electricitatem</span> 
     </span>
     <span class='ocr_line' id='line_1_29' title="bbox 129 1970 1412 2015; baseline 0.004 -5"><span class='ocrx_word' id='word_1_188' title='bbox 129 1982 282 2010; x_wconf 66' lang='lat' dir='ltr'>catenae</span> <span class='ocrx_word' id='word_1_189' title='bbox 324 1970 507 2009; x_wconf 65' lang='lat' dir='ltr'>crestente</span> <span class='ocrx_word' id='word_1_190' title='bbox 550 1984 712 2011; x_wconf 87' lang='lat' dir='ltr'>numero</span> <span class='ocrx_word' id='word_1_191' title='bbox 755 1975 992 2014; x_wconf 84' lang='lat' dir='ltr'>minutorum</span> <span class='ocrx_word' id='word_1_192' title='bbox 1031 1973 1275 2014; x_wconf 82' lang='lat' dir='ltr'>secundorum</span> <span class='ocrx_word' id='word_1_193' title='bbox 1311 1975 1412 2015; x_wconf 86' lang='lat' dir='ltr'>inter</span> 
     </span>
     <span class='ocr_line' id='line_1_30' title="bbox 129 2033 1411 2079; baseline 0.003 -5"><span class='ocrx_word' id='word_1_194' title='bbox 129 2035 266 2075; x_wconf 70' lang='lat' dir='ltr'>fulmen</span> <span class='ocrx_word' id='word_1_195' title='bbox 300 2045 337 2073; x_wconf 87' lang='lat' dir='ltr'>ct</span> <span class='ocrx_word' id='word_1_196' title='bbox 372 2035 525 2072; x_wconf 77' lang='lat' dir='ltr'>tonitru.</span> <span class='ocrx_word' id='word_1_197' title='bbox 591 2033 689 2074; x_wconf 89' lang='lat' dir='ltr'>Cum</span> <span class='ocrx_word' id='word_1_198' title='bbox 724 2038 826 2077; x_wconf 88' lang='lat' dir='ltr'>enim</span> <span class='ocrx_word' id='word_1_199' title='bbox 863 2049 1039 2077; x_wconf 80' lang='lat' dir='ltr'>numerus</span> <span class='ocrx_word' id='word_1_200' title='bbox 1073 2039 1308 2079; x_wconf 84' lang='lat' dir='ltr'>minutorum</span> <span class='ocrx_word' id='word_1_201' title='bbox 1353 2041 1411 2079; x_wconf 90' lang='lat' dir='ltr'>se-</span> 
     </span>
     <span class='ocr_line' id='line_1_31' title="bbox 130 2097 1403 2157; baseline 0.004 -18"><span class='ocrx_word' id='word_1_202' title='bbox 130 2101 338 2139; x_wconf 80' lang='lat' dir='ltr'>cundorum</span> <span class='ocrx_word' id='word_1_203' title='bbox 373 2108 450 2137; x_wconf 74' lang='lat' dir='ltr'>erat</span> <span class='ocrx_word' id='word_1_204' title='bbox 483 2101 508 2135; x_wconf 93' lang='lat'><strong>6</strong></span> <span class='ocrx_word' id='word_1_205' title='bbox 529 2128 538 2146; x_wconf 94' lang='lat'>,</span> <span class='ocrx_word' id='word_1_206' title='bbox 574 2097 680 2138; x_wconf 87' lang='lat' dir='ltr'>filum</span> <span class='ocrx_word' id='word_1_207' title='bbox 716 2100 935 2157; x_wconf 76' lang='lat' dir='ltr'>respiciebat</span> <span class='ocrx_word' id='word_1_208' title='bbox 973 2115 1042 2152; x_wconf 77' lang='lat'>30.</span> <span class='ocrx_word' id='word_1_209' title='bbox 1079 2102 1271 2157; x_wconf 79' lang='lat' dir='ltr'>gradum,</span> <span class='ocrx_word' id='word_1_210' title='bbox 1311 2115 1403 2144; x_wconf 89' lang='lat' dir='ltr'>cum</span> 
     </span>
    </p>

    <p class='ocr_par' dir='ltr' id='par_1_7' title="bbox 193 2161 1404 2209">
     <span class='ocr_line' id='line_1_32' title="bbox 193 2161 1404 2209; baseline 0.003 -6"><span class='ocrx_word' id='word_1_211' title='bbox 193 2162 316 2204; x_wconf 86' lang='lat' dir='ltr'>Tom.</span> <span class='ocrx_word' id='word_1_212' title='bbox 351 2161 421 2202; x_wconf 93' lang='lat' dir='ltr'>lV.</span> <span class='ocrx_word' id='word_1_213' title='bbox 460 2161 566 2205; x_wconf 88' lang='lat' dir='ltr'>Nou.</span> <span class='ocrx_word' id='word_1_214' title='bbox 602 2161 721 2204; x_wconf 86' lang='lat' dir='ltr'>Com.</span> <span class='ocrx_word' id='word_1_215' title='bbox 916 2166 952 2206; x_wconf 93' lang='lat' dir='ltr'>V</span> <span class='ocrx_word' id='word_1_216' title='bbox 987 2177 1015 2207; x_wconf 77' lang='lat' dir='ltr'>v</span> <span class='ocrx_word' id='word_1_217' title='bbox 1323 2175 1404 2209; x_wconf 84' lang='lat' dir='ltr'>erat</span> 
     </span>
    </p>
   </div>
  </div>
 </body>
</html>
