2013 2703
284 141 380 185 AD
412 134 1026 185 ARCHITECTVRAM
1063 133 1360 185 ClVILEM
1392 150 1475 191 223

190 259 224 301 K
280 268 319 299 et
368 257 413 300 M
468 259 538 299 esse
593 261 629 299 in
663 258 796 300 eadem
828 258 924 299 linea
956 258 1058 300 reela
1085 290 1095 308 ‚
1153 269 1192 302 et
1233 258 1324 301 hinc
1354 258 1479 315 popli-

187 334 266 364 tem
305 324 403 377 apud
437 320 474 363 G
509 324 672 375 euitari3
710 323 767 363 scd
802 324 900 376 apud
943 320 977 363 B
1021 322 1154 378 poples
1195 324 1343 365 dabitur
1369 356 1380 376 ,
1420 325 1482 378 qui

188 389 225 428 in
261 388 446 428 eiusmodi
484 386 592 426 restis
625 398 702 426 non
737 387 790 427 est
821 386 1064 440 effugiendus.
1131 389 1251 428 Arcus
1276 387 1411 427 deinde
1433 398 1484 427 ex

185 454 304 491 altera
355 462 456 504 parte
499 449 747 490 describantur
777 450 883 489 radio
913 452 1048 491 eodem
1082 450 1311 502 communi,
1348 451 1486 490 centris

185 515 245 562 Ο,
269 514 325 565 L,
348 515 410 564 N,
446 514 614 554 similiter
646 524 733 553 cum
767 513 955 565 prioribus
984 513 1127 566 positis.
1196 513 1298 553 Hinc
1339 515 1484 555 nullam

184 582 372 619 rationem
404 576 652 618 sufficientem
686 574 900 629 perspicio,
932 588 1048 628 quare
1076 573 1159 617 Iob.
1185 575 1247 616 W
1247 573 1415 619 ilhelmus
1443 580 1481 617 in

185 640 460 685 Architcc’t‘ura
493 640 620 690 ciuili,
658 643 777 681 1668
813 639 917 680 edita
948 652 1021 693 pro
1052 640 1162 681 radiis
1192 651 1347 681 arcuum
1391 637 1426 682 C
1444 640 1482 682 E

184 715 221 747 et
256 704 338 748 BG
373 704 592 758 generaliter
627 703 783 743 assumat
818 708 848 750 ³}
884 700 964 744 BC
986 736 997 754 ‚
1029 715 1099 756 pro
1132 704 1238 744 radio
1271 713 1397 744 autem
1417 716 1478 745 ar-

181 783 244 810 cus
275 766 359 811 EG
397 773 426 815 ³⁴1
446 765 560 819 BC3
593 778 642 807 ex
677 766 745 808 hac
778 768 885 807 enim
923 767 1092 808 mensura
1123 766 1310 808 constanti
1353 768 1484 809 radio-

181 844 265 873 rum
300 829 376 883 fit,
408 841 450 872 vt
481 833 517 871 in
552 831 610 871 his
641 830 819 884 fastigiis,
855 830 980 885 paullo
1010 831 1204 872 altioribus
1235 842 1351 886 quam
1386 830 1482 884 latis,

180 907 285 937 arcus
317 891 405 937 'CD
440 906 477 935 et
512 892 598 936 CE
631 892 700 935 sese
735 895 986 948 intersecent,
1017 896 1187 951 adeoque
1228 893 1483 938 construetio-

181 971 272 1001 nem
308 958 480 1001 inutilem
515 959 685 1000 reddant.

321 1079 358 1131 5.
393 1081 597 1128 XXXIV.
637 1084 740 1127 Haec
763 1085 886 1140 itaque
910 1097 1064 1126 arcuum
1098 1085 1338 1129 circularium
1364 1087 1482 1131 comi

184 1149 326 1191 binatio
357 1152 520 1206 poplites
551 1151 774 1201 excludens,
807 1150 881 1190 huc
916 1162 1034 1203 vsque
1067 1149 1293 1203 pertrastata
1330 1154 1484 1206 optime

182 1212 372 1266 succedit,
404 1227 490 1254 cum
527 1213 624 1266 pilae
654 1214 733 1252 sunt
764 1213 992 1253 verticaliter
1023 1212 1169 1253 erectae
1191 1246 1201 1265 ,
1230 1223 1270 1255 et
1300 1216 1482 1270 aequales,

183 1288 225 1318 vt
243 1278 343 1318 rec'ta
361 1277 523 1330 ipsarum
552 1273 784 1316 summitates
817 1275 976 1329 iungens
1000 1274 1066 1316 fiat
1102 1273 1387 1332 horizontalis·,
1414 1280 1480 1322 {ed

179 1352 267 1380 cum
287 1339 385 1392 pilae
405 1336 484 1378 sunt
512 1337 724 1392 inaequales
742 1371 754 1392 ,
788 1350 911 1393 neque
933 1337 1129 1380 verticales
1145 1370 1156 1391 ,
1183 1338 1242 1382 sed
1261 1342 1480 1396 quomodo·

178 1414 322 1457 cunque
342 1402 542 1443 inclinatae
561 1403 661 1443 inter
687 1401 745 1455 se,
781 1401 856 1443 hoc
877 1403 928 1445 est
958 1434 970 1455 ‚
990 1416 1080 1444 cum
1101 1403 1263 1445 fornices
1300 1404 1481 1449 constitui

179 1467 317 1507 debent
342 1467 483 1519 obliqui
511 1497 522 1516 ,
556 1478 650 1509 arcs
668 1473 878 1522 rampants,
915 1477 1000 1508 tum
1032 1466 1128 1508 nihil
1146 1468 1257 1522 plane
1276 1469 1334 1523 agi
1372 1469 1481 1524 poss'e

177 1531 522 1570 eiusmodiarcuum
533 1530 766 1571 circularium
788 1531 1086 1586 compofitione‚
1103 1533 1299 1574 annotauit
1316 1532 1482 1588 Blondel,

180 1591 299 1635 Cours
319 1591 638 1644 d’ArchiteHure,
656 1592 700 1637 P.
726 1607 799 1644 xv,
818 1596 882 1638 lib.
908 1607 960 1636 v1
979 1628 989 1647 ,
1003 1603 1088 1651 cap.
1109 1609 1136 1646 9
1159 1603 1207 1652 .p.
1225 1609 1330 1650 424,
1349 1610 1481 1639 neces·

178 1658 372 1710 furiasque,
389 1667 429 1697 et
450 1656 528 1697 vsus
543 1658 830 1713 indispeniabilis
848 1659 923 1700 effe
942 1659 1005 1700 hic
1026 1660 1200 1701 indicauit
1216 1661 1477 1702 sectionesco-

181 1723 297 1770 nicas,
317 1721 368 1761 ita
387 1720 582 1774 ducendas,
601 1733 643 1764 vt
661 1723 747 1765 illae
767 1733 920 1776 tangant
938 1724 1028 1763 duas
1053 1723 1170 1763 restas
1187 1723 1288 1764 datas
1313 1724 1352 1764 in
1379 1725 1478 1766 datis

181 1784 355 1837 punctis,
388 1794 426 1825 et
468 1786 618 1827 tertiam
661 1789 702 1828 in
737 1788 882 1841 punc'to
909 1797 1150 1840 quocunque.
1184 1785 1256 1828 Sed
1289 1788 1403 1829 erasse
1435 1788 1477 1830 in

181 1849 256 1889 hoc
294 1848 432 1889 Virum
465 1847 731 1903 filgacisslmum
759 1851 974 1892 videbimus
1006 1849 1099 1891 infra
1134 1850 1186 1899 (ξ.
1207 1849 1473 1904 XXXVII.)

182 1910 464 1953 Construendos
495 1925 591 1954 vero
621 1913 762 1969 saepius
793 1915 864 1956 esse
897 1915 1082 1955 eiusmodi
1102 1915 1263 1957 fornices
1280 1915 1470 1969 obliquos,

181 1979 379 2032 praecipue
413 1978 454 2018 in
486 1975 614 2031 staliS,
646 1979 798 2036 aliisque
836 1978 1089 2022 occafionibus
1108 2010 1121 2034 ‚
1158 1979 1304 2022 ibidem
1344 1979 1471 2022 osten-

177 2042 289 2084 ditur.

1210 2108 1251 2159 ξ.
1273 2109 1464 2154 XXXV.
