2013 2703
165 179 814 240 PROPRIETATVM
847 178 1458 239 SOL1D0RVM.149

162 328 223 358 tur
266 330 295 364 4
327 315 467 367 angulis
522 314 630 354 restis
648 345 658 365 ‚
694 314 755 368 qui
775 326 952 354 numerus
970 314 1022 354 est
1042 327 1098 354 z:
1119 330 1148 368 4
1166 313 1191 356 S
1210 336 1250 343 —
1277 322 1312 357 8.
1354 315 1464 356 Idem

163 382 294 424 euenit
328 382 362 419 iu
400 378 577 418 omuibus
612 379 896 431 pyramidbus,
949 378 974 417 si
1006 381 1159 433 angulus
1192 381 1378 420 verticalis
1425 381 1466 420 Ο

161 446 249 487 inde
281 443 488 493 resecatur,
522 443 584 482 ybi
618 453 699 481 tota
722 443 890 495 pyramis
924 442 1034 483 simul
1067 444 1212 484 tollitur
1233 476 1243 492 ‚
1277 453 1362 482 tunc
1399 457 1465 483 au-

162 520 242 550 tem
279 507 351 546 sola
388 507 474 546 baiis
509 507 662 558 relinqui
695 506 944 557 concipienda
978 507 1060 557 est,
1095 520 1188 560 quae
1227 506 1252 546 fi
1289 507 1331 546 fit
1358 507 1465 560 poly-

164 584 309 627 gonum
346 582 368 609 n
393 570 556 610 laterum
580 602 590 620 ,
624 568 776 620 spectari
799 569 940 620 poterit
961 569 1067 609 instar
1102 571 1226 617 solidi,
1246 571 1283 608 in
1304 583 1379 623 quo
1398 583 1471 611 nu-

166 649 290 677 merus
324 634 546 686 angulorum
582 629 786 670 solidorum
808 630 850 669 sit
871 630 896 671 S
916 643 1006 670 :n
1029 665 1038 683 ‚
1064 644 1238 672 numerus
1263 632 1466 674 hedrarum

226 713 278 739 z
303 712 324 736 2
347 729 358 746 ,
395 705 433 734 et
466 704 643 733 numerus
677 695 843 734 acierum
880 696 917 735 A
942 708 995 735 z:
1016 708 1039 735 n
1059 728 1069 746 ,
1106 696 1158 736 ita
1194 704 1239 735 vt
1279 697 1404 736 denuo
1426 698 1469 738 fit

164 764 190 806 S
214 770 275 808 ,μ-
295 760 331 800 H
353 771 408 798 z
429 759 466 798 Α
487 764 551 802 —l—
579 771 616 797 2.
687 755 841 798 Deinde
874 771 963 799 cum
1001 769 1159 813 vtraque
1193 759 1309 800 hedra
1330 760 1372 800 sit
1393 773 1473 814 po-

163 828 352 879 lygonum
388 834 410 862 n
445 822 601 862 laterum
627 853 637 872 ,
673 833 812 862 omnes
845 824 970 877 anguli
1004 826 1042 866 in
1075 823 1255 865 ambabus
1295 826 1470 867 contenti

163 891 413 943 aequabuntur
447 886 791 936 4n-Sz4S-8
829 889 973 941 angulis
1019 888 1134 928 reetis
1156 920 1166 940 ‚
1206 888 1265 927 vti
1303 889 1467 929 alterum

161 954 386 996 Theorema
421 950 595 1004 postulat.
661 950 739 992 Etsi
776 961 902 993 autem
946 952 985 993 hi
1038 952 1135 993 casus
1187 951 1336 992 veritati
1386 965 1468 994 non

163 1017 395 1059 aduerfimtur
415 1047 426 1065 ,
459 1026 590 1055 tamen
623 1016 661 1055 in
698 1017 882 1067 praetenti
915 1018 1076 1070 negotio
1108 1029 1187 1057 non
1218 1028 1314 1071 opus
1349 1016 1402 1057 est
1422 1017 1469 1058 ad

164 1093 228 1121 eos
261 1077 486 1128 attendcr03
525 1091 613 1117 cum
651 1078 754 1117 enim
791 1082 1028 1131 propositum
1060 1082 1102 1121 sit
1136 1081 1266 1121 omnia
1292 1080 1406 1122 solida
1425 1081 1472 1121 ad

164 1142 386 1199 pyramides
420 1140 662 1192 triangulares
693 1153 902 1192 reuocare,
945 1142 970 1182 ss
1024 1142 1182 1182 solidum
1229 1144 1308 1182 iam
1360 1143 1469 1184 suerit

164 1206 373 1248 istiusmodi
407 1205 578 1258 pyramis
614 1237 623 1256 ‚
679 1205 882 1245 resee‘tione
916 1207 1124 1258 cuiuspiam
1162 1205 1286 1258 anguli
1320 1207 1470 1259 penitus

166 1273 237 1312 erit
269 1269 614 1324 superledendum3
648 1266 702 1305 sm
738 1279 865 1308 autem
900 1269 943 1308 s1t
986 1270 1154 1320 pyramis
1184 1269 1284 1309 basin
1327 1269 1470 1310 habens

163 1335 325 1390 plurium
364 1332 524 1372 laterum
563 1363 573 1382 ,
624 1341 706 1370 tum
749 1344 827 1370 non
872 1329 1052 1383 angulum
1088 1332 1309 1372 x'erticalem
1349 1365 1359 1384 ‚
1408 1333 1470 1375 sed

163 1398 382 1451 quempiam
417 1395 642 1449 angulorum
676 1395 723 1434 ad
755 1395 855 1435 basin
888 1394 1044 1434 fitorum
1080 1395 1167 1434 inde
1198 1388 1356 1436 abscindi
1375 1409 1466 1437 con-

162 1462 325 1513 veniet,
356 1460 420 1513 qui
457 1461 568 1499 tribus
602 1468 748 1498 tantum
783 1460 921 1512 angulis
955 1457 1075 1512 planis
1102 1459 1346 1514 formantur3
1389 1459 1468 1501 hoc

165 1527 286 1566 modo
338 1524 490 1577 semper
544 1523 627 1576 post
679 1521 925 1563 resectionem
980 1525 1147 1575 pyramis
1200 1523 1432 1577 relinquetur
1454 1555 1464 1575 ‚

164 1590 265 1629 cuius
296 1588 518 1641 angulorum
563 1585 768 1627 solidorum
823 1598 1002 1627 numerus
1051 1599 1132 1627 vno
1181 1590 1253 1628 erit
1304 1589 1465 1636 minor.

164 1665 278 1707 quam
314 1663 411 1692 ante.
451 1652 575 1703 Atque
608 1651 819 1703 generatim
856 1651 1106 1705 quodcunque
1139 1663 1372 1706 proponatur
1403 1652 1461 1692 so-

165 1717 306 1765 lidum,
344 1713 492 1768 semper
522 1715 721 1754 conueniet
739 1715 989 1756 resectionem
1011 1715 1131 1769 incipi
1158 1716 1203 1755 ab
1236 1716 1375 1769 angulo
1411 1716 1466 1755 so·

166 1781 271 1829 lido,
306 1780 367 1831 qui
401 1791 514 1832 quam
551 1779 772 1833 paucissimis
811 1778 951 1832 angulis
992 1778 1112 1830 planis
1160 1779 1203 1818 sit
1254 1779 1464 1829 tormatus,

166 1853 207 1882 vt
250 1843 398 1893 semper
436 1844 618 1895 quaedam
662 1843 767 1883 solidi
812 1845 944 1897 portio
984 1841 1026 1881 sit
1057 1840 1269 1883 remanliua
1292 1874 1301 1891 ,
1336 1841 1461 1881 donee

164 1907 209 1947 ad
255 1906 495 1958 pyramidem
539 1906 804 1959 triangularem
841 1906 1091 1961 perueniatur.
1140 1906 1295 1946 InterIm
1334 1915 1462 1946 tamen

166 1973 221 2009 vis
259 1969 486 2021 sequentium
521 1970 889 2012 demonstrationum
923 1970 970 2010 ab
1003 1970 1073 2010 luc
1110 1970 1337 2010 limitatione
1382 1983 1459 2009 nou

163 2034 335 2086 pendet,
365 2034 508 2087 quippe
543 2046 654 2086 quam
689 2043 834 2075 tantum
870 2048 957 2076 eum
997 2036 1033 2074 in
1073 2034 1189 2074 finem
1231 2034 1348 2075 adieci
1372 2065 1382 2084 ,
1420 2043 1460 2073 κε

161 2097 456 2138 incommodum
503 2109 683 2151 apparens
721 2110 798 2139 non
827 2111 964 2140 verum
1000 2100 1169 2141 eaitetur.

748 2223 785 2263 T
823 2237 848 2274 3
1265 2224 1454 2268 ΡΞΟΓΟ-
