2013 2703
299 162 745 214 CORPORVM
797 163 1314 211 COELESTIVM
1378 175 1461 221 1⁶3

168 301 236 344 vel
270 297 530 339 excentricitas
562 297 753 338 mutabilis
783 297 988 352 existeret,
1023 309 1150 341 motus
1190 313 1268 341 non
1309 299 1473 355 amplius

168 368 262 410 estet
295 361 497 416 regularis,
531 361 588 400 1ed
623 360 843 415 irregularis.
903 366 1035 417 Atque
1067 363 1156 405 hinc
1172 374 1300 406 motus
1317 368 1474 419 quicun-

170 444 246 487 que
282 427 488 479 irregularis
523 428 572 466 ita
606 427 733 467 saltem
785 428 830 467 ad
885 429 1052 482 speciem
1102 438 1230 468 motus
1301 431 1476 482 regularis

172 494 340 538 reuocari
375 495 542 543 poterit,
589 498 633 531 vt
665 491 755 531 istac
789 501 844 529 res
879 502 1056 545 tanquam
1091 491 1287 533 variabiles
1306 493 1478 534 conside·

170 565 313 600 rentur.
373 555 575 608 Vtcunque
606 554 712 595 enim
750 563 880 594 motus
912 555 1023 595 flrerit
1050 555 1308 607 perturbatus,
1326 558 1477 611 quaeuis

173 625 250 663 eius
285 620 414 674 portio
448 621 612 660 minima
643 617 690 657 ad
725 625 880 656 motum
916 617 1128 671 regularem
1162 618 1291 659 referri
1325 620 1474 673 potest,

171 689 392 729 dummodo
424 681 540 732 fitus,
574 680 782 735 quantitaS,
814 689 853 720 et
883 683 1024 735 species
1040 680 1176 736 ellipsis
1193 682 1475 737 definiatur‚ad

170 763 285 806 quam
321 746 427 801 spatii
462 748 701 787 elementum
738 752 758 780 a
792 755 959 798 corpore
999 744 1229 801 descriptum
1271 749 1475 802 pertineat.

290 827 333 864 4.
371 808 541 853 Effectus
573 821 669 864 ergo
701 808 841 849 virium
876 819 1031 850 motum
1051 810 1138 853 alias
1154 812 1362 865 regularem
1393 825 1481 867 per-

173 878 405 920 turbantium
445 876 483 915 in
503 874 581 914 hoc
600 874 774 916 consistet
795 907 806 926 ‚
839 884 883 914 vt
915 874 978 916 vel
1011 877 1242 928 positionem
1276 877 1396 919 lineae
1414 877 1479 917 ab·

168 942 290 986 fidum
340 943 554 992 immutet,
585 940 649 979 vel
681 950 796 980 axem
831 937 969 992 ellipsis
1000 940 1240 982 transuersum
1260 972 1272 991 ‚
1306 943 1369 984 vel
1405 942 1480 982 eius

170 1004 515 1048 excentricitatem.
586 1003 717 1055 Atque
750 1002 778 1042 si
810 1004 982 1057 constet,
1014 1015 1196 1059 quantam
1217 1008 1476 1048 mutationem

172 1069 276 1110 vires
306 1079 549 1120 quaecunque
582 1066 839 1119 perturbantes
867 1065 924 1107 his
953 1072 1068 1113 tribus
1099 1071 1208 1112 rebus
1243 1083 1318 1124 pro
1340 1072 1477 1124 quouis

172 1142 352 1185 tempore
385 1131 597 1170 induxerint
623 1160 634 1179 ,
668 1131 772 1171 locus
805 1129 974 1182 planetae
1008 1133 1096 1175 inde
1128 1145 1245 1187 aeque
1273 1133 1380 1174 facile
1407 1136 1477 1175 de-

173 1196 332 1238 finietur
354 1226 366 1245 ,
398 1204 508 1247 atque
544 1195 583 1234 in
616 1205 726 1236 motu
759 1194 931 1247 reguiari.
998 1199 1191 1257 Quocirca
1231 1197 1299 1240 iste
1341 1197 1479 1239 modus

174 1260 352 1302 effct‘tum
404 1260 542 1298 virium
578 1258 889 1310 'perturbantium
938 1262 1220 1302 determinandi
1271 1261 1478 1314 aptissimus

172 1334 284 1377 atque
326 1322 370 1360 ad
415 1318 520 1360 vium
563 1321 835 1360 Astronomiae
869 1324 1281 1365 accommodatiffimus
1316 1328 1476 1377 videtur,

171 1388 236 1429 Eo
266 1394 392 1428 autem
427 1384 655 1424 Astronomi
690 1385 766 1424 iam
803 1385 918 1441 reipsa
951 1398 1130 1439 Vtuntur,
1175 1388 1266 1428 dum
1308 1392 1348 1431 in
1398 1398 1477 1451 pla.

168 1451 266 1490 netis
299 1448 563 1502 principalibus
580 1449 663 1489 loca
695 1448 934 1502 apheliorum
956 1452 1117 1492 mobilia
1150 1452 1340 1507 statuunt,
1372 1469 1413 1502 et
1437 1463 1475 1502 ῑῃ

170 1513 256 1555 luna
290 1525 370 1552 non
408 1513 527 1553 {olum
562 1523 735 1565 apogaeo
756 1548 766 1565 ,
800 1513 859 1554 sed
891 1516 1005 1555 etiam
1038 1519 1314 1559 excentricitati
1349 1533 1475 1566 mura..

171 1586 322 1617 tionem
357 1577 577 1616 continuam
612 1576 776 1618 tribuere
807 1579 941 1620 solent.
1005 1581 1093 1637 Quo
1122 1582 1236 1634 igitur
1255 1584 1393 1627 facilius
1421 1591 1477 1631 ef-

171 1640 315 1680 festum
351 1640 494 1680 virium
527 1652 829 1695 quarumcunque
850 1645 1151 1696 perturbantium
1172 1647 1245 1688 hoc
1265 1650 1387 1691 modo
1405 1666 1476 1706 per

176 1703 361 1743 calculum
399 1703 558 1744 definire
591 1704 728 1757 liceat,
773 1717 926 1748 motum
970 1711 1100 1762 primo
1133 1713 1374 1764 regularem,
1412 1719 1475 1770 qui

176 1768 292 1807 oritur
325 1779 346 1806 a
379 1767 519 1809 viribus
550 1769 747 1822 reciproce
778 1773 960 1825 quadrato
1016 1772 1208 1813 distantiae
1249 1781 1475 1830 proportio-

175 1828 320 1870 nalibus
351 1831 398 1870 ad
432 1830 614 1874 calculum
647 1835 841 1875 reuocabo
862 1866 872 1884 ‚
908 1848 983 1890 qno
1014 1834 1113 1878 ἱῖιᾶο
1145 1839 1385 1891 problemata
1428 1844 1474 1885 ad

179 1903 310 1933 motus
342 1895 665 1947 perturbationem
700 1896 905 1951 spectantia
925 1902 1167 1943 commodius
1200 1903 1353 1946 tractari
1385 1918 1473 1962 Ροῑι

177 1966 303 1998 crunt.

509 2027 1133 2081 PROBLEMA.2.

302 2133 343 2172 5·
377 2124 643 2169 Decea-minare
686 2137 818 2172 motum
857 2138 1023 2190 corporis
1042 2169 1054 2189 ,
1096 2137 1194 2192 quod
1229 2141 1286 2183 ad
1306 2140 1476 2197 punli'um
1492 2149 1512 2169 τ
1529 2148 1545 2168 ¹
1561 2147 1587 2169 ¹³·
1601 2133 1663 2174 ¹11·

783 2195 827 2237 X
864 2209 888 2235 2
1355 2207 1468 2246 rixam
1496 2213 1569 2266 Fig.
1598 2224 1638 2257 6.
