2013 2703
710 129 838 187 X41
875 127 908 188 l(

150 260 281 303 noller
313 261 467 301 fratrem
501 259 638 310 suum,
672 260 763 300 dum
794 260 876 302 hoc
910 262 1104 316 specimen
1143 261 1357 314 inauguralc
1400 262 1470 315 ipsi

148 326 365 366 inscriberet
386 355 398 374 ,
433 324 693 364 Hermammm
725 324 842 365 Kcmu
878 325 1105 367 Boerhmve
1122 327 1344 379 adpelluuit.
1377 327 1469 367 Hoc.

142 399 419 443 argumentum
456 388 733 442 opponendum
771 388 1109 440 obtrectatoribus,
1142 391 1205 443 qui
1227 391 1470 442 dubitarunt,

148 465 281 494 vtrum
312 467 352 494 re
380 465 467 491 vera
495 451 697 492 auunculus
716 462 902 504 nepotem
924 455 961 492 iu
993 454 1311 494 communionem
1341 456 1471 495 uomi-

146 519 205 558 nis
256 516 506 570 adoptauerit.
574 515 682 556 Nam
727 516 832 554 vixit
869 517 994 556 adhuc
1037 517 1270 557 venerandus
1319 517 1470 569 seueX,

141 594 236 622 cum
273 580 460 633 specimen
494 578 588 618 istud
631 579 843 630 inaugurale
877 580 979 631 typis
1020 578 1307 619 exscriberetur.
1361 581 1469 622 Num

147 648 252 685 aulus
302 643 418 683 fuisset
451 641 575 681 noster
603 640 705 680 fratri
748 641 813 681 suo
856 641 1093 684 Boerhaavii
1135 654 1305 694 nomen,
1353 657 1471 685 auun-

144 709 235 749 culo
269 703 486 758 superstite,
521 705 712 756 tribuere,
755 706 823 746 nili
855 707 919 747 hic
955 717 1040 747 :inte
1082 707 1232 747 obitum
1277 707 1380 749 suum
1416 709 1466 750 ita

144 767 320 811 iuffiffer?
351 768 593 810 Hermannus
626 769 712 823 post
745 771 910 812 modum
947 783 1052 811 auno
1095 783 1206 822 1740
1241 772 1462 826 Petropolin

143 836 312 876 nostram
346 843 551 885 euocatus,
586 843 699 887 atque
730 835 840 875 aulae
874 835 1142 889 Imperatoriae
1162 835 1338 877 Medicus
1368 848 1464 877 con-

140 899 289 940 stitutus
319 897 386 937 est.
410 899 528 939 Anno
555 908 670 948 1743
695 899 920 952 dignitatem
941 898 1155 941 Conliliarii
1175 900 1285 941 status
1306 934 1316 952 ‚
1344 907 1461 951 1748

143 964 206 1004 die
238 962 310 1003 VI.
363 960 597 1003 Decembris
648 960 861 1004 Consiliarii
892 965 1020 1004 intimi
1072 974 1114 1005 et
1165 966 1462 1006 Archi-atrorum

143 1026 310 1068 Comitis
342 1039 483 1067 munus
516 1026 704 1075 obtinuit,
741 1027 781 1068 in
815 1042 922 1083 quo,
957 1029 1137 1069 omnibus
1187 1030 1361 1081 amicus,
1397 1041 1465 1069 ne-

142 1082 242 1131 mini
274 1090 432 1141 inuilus,
465 1090 604 1130 famam
641 1091 782 1132 Medici
815 1092 1164 1134 consummatiffimi
1185 1126 1196 1144 ,
1229 1106 1344 1147 quem
1388 1093 1463 1135 fors

142 1166 231 1194 raro
262 1154 444 1191 desereret
462 1183 472 1201 ‚
508 1153 593 1204 post
627 1151 660 1190 ss:
694 1155 929 1206 relinquens,
947 1157 1011 1194 die
1029 1156 1110 1195 VII
1132 1156 1316 1197 OCtobris
1341 1167 1458 1206 1753

145 1216 327 1259 Moscuzie
346 1213 509 1254 deceffit.
534 1214 607 1253 Hic
627 1227 713 1254 cum
723 1217 866 1266 pariter
884 1217 993 1269 prole
1011 1217 1172 1258 mascula
1190 1230 1350 1269 careret,
1367 1233 1463 1259 con-

144 1279 326 1320 sentiente
359 1275 435 1317 filia
475 1275 612 1329 Magni
661 1276 869 1317 Boerhauii
890 1310 902 1330 ,
951 1292 1046 1332 quae
1080 1277 1281 1333 Thomsono
1323 1282 1462 1324 Comiti

144 1342 271 1396 nupsit
291 1374 302 1393 ,
336 1352 437 1380 anuo
495 1352 615 1391 1744
662 1340 966 1384 Boerhauiamtm
1008 1355 1172 1385 nomem
1226 1344 1262 1383 in
1303 1344 1459 1387 fratrem

144 1404 406 1450 Abrahamum
436 1404 642 1457 transtulit,
675 1407 738 1459 qui
770 1407 913 1447 interea
945 1409 1150 1461 temporis,
1184 1420 1284 1448 auno
1314 1421 1459 1464 nempe

146 1478 263 1522 1738
287 1504 297 1521 ,
331 1470 468 1510 librum
503 1469 549 1509 de
592 1467 865 1525 Petgspiratione
894 1470 1096 1520 emiserat,
1127 1484 1204 1525 quo
1240 1472 1294 1512 ius
1328 1473 1456 1527 suum,

140 1534 404 1577 Boerhaviani
426 1533 594 1574 nominis
613 1535 825 1575 celebritate
848 1535 980 1575 vtendi
1003 1567 1015 1586 ,
1036 1536 1308 1576 demonstrasse
1337 1537 1459 1579 videri

141 1609 308 1654 poterat.
346 1597 479 1639 Multo
511 1599 591 1637 Eme
626 1598 746 1640 studio
782 1601 1014 1654 conscriptus
1047 1600 1101 1640 est
1137 1600 1255 1651 liber,
1287 1611 1325 1641 et
1357 1601 1460 1642 mul·

142 1664 267 1717 tiplici
301 1662 511 1703 eruditione
543 1661 699 1703 refertus
718 1696 731 1715 ‚
762 1677 858 1716 quae
893 1677 960 1704 nec
993 1664 1126 1705 Poetas
1157 1665 1298 1704 veteris
1331 1664 1456 1718 Latii,

142 1737 341 1782 perpetuas
372 1726 485 1766 nostri
518 1725 697 1779 delicias,
735 1728 920 1768 excludit.
952 1728 1110 1782 Proprie
1144 1738 1184 1768 et
1220 1729 1457 1782 potiffimum

143 1789 456 1844 Perspirationem
476 1791 650 1845 corporis
670 1791 826 1832 humani
849 1825 860 1844 ,
894 1802 971 1833 tam
1005 1803 1204 1832 externam
1225 1824 1235 1842 ,
1268 1806 1380 1845 quam
1403 1794 1456 1832 in-

145 1861 291 1895 ternam
310 1888 321 1906 ,
361 1855 577 1895 anatomice
612 1855 778 1895 illustrat.
846 1855 1009 1895 Accessit
1028 1855 1258 1896 declamatio
1276 1856 1321 1896 de
1348 1855 1456 1897 Gau-

148 1916 222 1957 diis
258 1917 554 1975 Alchemssarmn
588 1919 648 1959 sub
675 1919 820 1959 calcem
853 1920 982 1959 recufii.
1051 1918 1193 1959 Intuitu
1226 1919 1334 1960 huius
1366 1919 1452 1960 libri

147 1979 357 2020 Academia
391 1983 512 2023 nostra
546 1983 740 2024 auctorem
766 2015 776 2035 ,
820 1992 908 2024 tunc
943 1983 1095 2037 quidem
1140 1984 1272 2036 Hagae
1316 1980 1451 2024 Comi-

144 2051 228 2084 tum
282 2045 419 2096 praxin
459 2047 645 2088 medicam
688 2058 965 2097 exercentem,
999 2059 1101 2087 anno
1140 2058 1260 2097 1744
1309 2048 1372 2088 die
1410 2059 1452 2086 2.

144 2106 368 2150 Nouembr.
404 2108 512 2150 sociis
544 2111 612 2153 surs
645 2113 784 2155 exteris
836 2113 1108 2154 annumerauit.
1174 2111 1263 2153 Hoc
1289 2111 1452 2152 obtento

804 2176 829 2216 f
1365 2174 1448 2215 sui·
