2013 2703
270 128 763 176 DOCTRINAE
795 127 1293 175 SOLIDORVM
1355 145 1436 172 xxx

247 261 285 310 §-
326 267 364 302 8.
402 259 521 302 Instar
540 259 718 313 exempli
746 260 986 313 propofitum
1005 260 1048 301 sit
1067 273 1208 314 corpus
1246 260 1439 302 cuneifiar-

132 338 198 367 me
235 327 273 367 A
291 323 327 366 B
346 323 380 365 C
399 324 441 365 D
462 326 496 366 E
519 325 544 365 F
567 358 577 376 ‚
610 326 712 365 cuius
744 325 896 364 termini
919 325 1032 377 primi
1051 327 1196 380 generis
1221 357 1231 375 ‚
1265 327 1322 366 seu
1369 339 1579 392 ³¹¹*TA2W

132 390 209 443 guli
245 390 346 429 solidi
384 390 464 429 sunt
499 388 560 429 lex
582 405 590 431 :
622 389 682 437 A,
703 386 761 437 B,
783 386 818 427 C
834 419 844 438 ‚
863 387 926 438 D,
950 389 1006 436 E,
1029 389 1070 430 F.
1107 391 1283 430 Termini
1311 389 1431 430 secun·

133 456 169 493 di
206 454 354 507 generis
388 453 545 493 line-,ires
569 487 579 506 ‚
613 453 672 493 {eu
693 454 792 493 acies
811 454 887 492 sunt
907 465 1069 494 numero
1104 466 1245 495 nouem
1267 468 1275 492 :
1313 453 1351 494 A
1373 452 1406 494 Β
1427 465 1519 517 ‚Fig.
1538 481 1566 505 2,

136 515 244 568 BC,
279 515 404 568 CD,
437 516 569 567 DA,
599 517 725 566 AE,
760 514 891 565 DE,
925 514 1040 565 BF,
1075 514 1300 568 CF,EF.
1339 518 1435 558 Ter-

135 581 229 621 mini
265 581 426 634 denique
459 580 556 620 tertii
580 578 752 633 generiS,
786 579 848 618 seu
866 578 1005 618 hedrae
1040 579 1121 619 sunt
1152 581 1315 633 quinque
1336 613 1348 630 ,
1381 584 1440 622 ni-

133 641 560 695 mirum2ABCD,
587 640 817 695 ABFE,
849 639 1436 696 ADE,CDEF‚BCF.

250 773 282 822 ς.
321 786 365 824 9.
415 772 558 814 Omnis
599 783 692 825 ergo
746 768 956 813 solidorum
1015 772 1203 814 diuersitas
1245 785 1331 815 cum
1383 787 1437 817 ex

131 849 295 879 nurnero
329 837 557 891 angulorum
592 835 815 889 solidorum,
847 846 929 877 tum
963 849 1015 878 ex
1048 848 1213 878 numero
1245 839 1437 891 acierum,

130 912 211 943 tum
233 914 331 941 vero
347 914 397 941 ex
419 912 586 942 numero
605 900 806 942 hedrarum
826 901 994 942 nascitur.
1050 901 1213 942 vfitatae
1231 910 1360 943 autem
1380 903 1440 944 so·

131 965 302 1005 lidorum
337 966 670 1007 denominationes
703 975 756 1004 ex
789 977 952 1006 numero
993 965 1200 1007 hedrarum
1244 967 1326 1020 peti
1378 969 1440 1009 so-

133 1027 212 1069 lent
233 1059 244 1077 ,
279 1029 380 1068 vnde
414 1039 503 1067 nota
537 1031 619 1067 {unt
637 1029 792 1067 nomina
809 1030 1015 1080 tetraedri,
1051 1029 1237 1071 hexaedri
1258 1059 1270 1074 .
1309 1030 1441 1073 oetae-

136 1093 224 1141 dri,
259 1088 482 1130 dodecaedri
522 1099 561 1130 et
602 1089 808 1140 icosaedri,
849 1090 913 1129 etfi
956 1102 1000 1129 ea
1034 1094 1254 1144 corporibus
1286 1102 1440 1136 tanturn

134 1153 363 1208 regularibus
395 1154 504 1194 tribui
537 1153 669 1193 solent.
738 1151 783 1192 ln
811 1164 952 1206 genere
986 1154 1090 1193 enirn
1113 1157 1268 1195 nomine
1306 1155 1439 1210 polye-

135 1220 191 1260 dri
229 1217 413 1258 indicatur
447 1229 581 1269 corpus
613 1215 862 1268 quodcunque
894 1216 966 1256 siue
1002 1217 1168 1270 regulare
1191 1250 1202 1269 ,
1236 1219 1312 1260 siue
1346 1222 1440 1263 irre·

136 1283 260 1336 gulare
283 1311 295 1332 ,
341 1279 442 1333 quod
500 1290 609 1320 certo
645 1277 848 1318 hedi-arum
882 1291 1048 1319 numero
1083 1281 1298 1322 includitur.

273 1409 306 1457 ξ.
347 1420 412 1447 10.
450 1404 574 1448 Simili
612 1408 735 1448 modo
770 1407 797 1449 fi
832 1408 969 1449 diuersa
1005 1408 1208 1451 solidorum
1231 1423 1368 1465 genem
1387 1424 1439 1454 ex

134 1486 296 1514 numero
348 1473 571 1524 angulorum
626 1471 828 1513 solidorum
871 1473 1030 1513 definire
1075 1475 1266 1526 velimus,
1301 1488 1438 1518 eorum

132 1537 291 1577 nomllu
334 1546 441 1575 erunt
483 1546 723 1589 tetrigonum
754 1568 763 1586 ,
806 1547 1066 1591 pentagonum
1097 1571 1108 1589 ,
1151 1538 1437 1593 hexagonum,

134 1600 394 1653 heptagonum
440 1610 513 1639 etc.
588 1601 715 1654 Atque
755 1614 893 1654 corpus
936 1602 1171 1642 cuneilorme
1214 1616 1301 1644 ante
1341 1617 1438 1645 con-

135 1665 334 1704 sider-irum
373 1662 447 1703 hoc
479 1665 598 1704 modo
632 1666 701 1704 erit
728 1664 975 1719 hexagonum
1002 1666 1301 1721 appellandum,
1335 1668 1437 1722 quod

134 1727 332 1767 semu-lum
368 1727 566 1769 hedrarum
589 1741 809 1784 ‚numerum
869 1729 922 1768 est
957 1731 1220 1782 pentaedrum.

255 1857 287 1901 ξ.
331 1867 346 1892 1
363 1862 397 1893 ιζ
431 1856 624 1912 Quoniam
648 1869 742 1897 vero
756 1856 889 1908 solida,
923 1870 1017 1913 quzie
1037 1860 1117 1910 piri
1140 1857 1342 1901 hedramm
1364 1874 1432 1903 nu-

139 1933 251 1962 mero
288 1919 546 1971 includuntur,
583 1922 731 1962 ratione
765 1922 913 1962 numeri
953 1923 1181 1974 angulorum
1228 1922 1431 1967 solidorum

138 1987 237 2025 inter
271 1983 303 2022 se
335 1983 484 2022 differre
538 1985 689 2036 possunt
711 2019 722 2038 ,
775 1986 821 2027 ad
875 1998 917 2026 ea
964 1987 1057 2027 inter
1117 1985 1152 2026 se
1214 1988 1431 2043 diligentius

137 2048 422 2098 distinguenda,
461 2049 662 2088 conueniet
694 2049 866 2104 cuiusque
897 2051 1254 2092 denominationem
1293 2063 1372 2094 tam
1406 2067 1427 2095 a

137 2123 300 2152 numero
333 2111 534 2153 hedrarum
557 2144 568 2165 ,
600 2124 714 2168 quam
746 2127 768 2155 a
788 2127 950 2157 numero
968 2115 1194 2170 angulorum
1221 2116 1431 2158 solidorum

1307 2191 1434 2234 petere
