2013 2703
554 133 647 178 31ss
729 128 826 170 DE
857 121 1139 169 INDICE
1172 120 1670 171 E'LEC‘TRIC‘IT.

552 247 630 289 sme
687 254 796 288 motu
854 252 896 282 et
960 242 1058 284 tritu
1107 241 1197 283 vitri
1265 239 1556 283 eleetrificatorii
1612 243 1846 286 conseruare

552 311 700 351 debeat.
766 306 967 347 Infinitum
1001 304 1073 347 siue
1098 316 1184 347 -znon
1217 303 1400 347 suffultum
1429 317 1567 360 corpus
1600 321 1665 360 per
1707 309 1847 349 breuis-

562 374 701 414 fimum
778 370 897 410 solum
973 378 1225 410 momentum
1309 370 1498 421 temporis
1568 371 1847 413 electrificatur.

561 434 706 492 Quodsi
760 434 868 474 enim
922 434 1034 474 maffi
1086 432 1339 472 vehementer
1390 432 1631 474 electrificata
1685 434 1766 484 est,
1813 447 1850 475 et

558 499 724 549 ceruix,
756 510 792 537 e.
829 510 865 551 g.
904 496 1107 547 hominis,
1141 509 1217 535 non
1253 495 1383 536 luffulti
1428 499 1656 550 corporibus
1692 497 1852 549 origina-

557 563 634 604 riae
653 561 907 602 eledtricitatis
927 593 938 613 ,
974 569 1012 600 ct
1045 561 1288 613 percutientis
1319 563 1435 602 ferrea
1469 562 1575 613 virga
1596 558 1758 601 maffam
1779 560 1855 600 ele-

560 624 789 667 ‹strificatam
813 656 823 675 ‚
858 625 1020 677 tangitur
1050 624 1183 664 leuiter
1215 624 1262 664 ab
1295 623 1371 664 alio
1405 636 1566 677 corpore
1587 656 1597 674 ,
1633 624 1854 664 deriuatiuae

557 689 810 730 elestticitatis
830 720 841 739 ,
877 688 1029 729 infinito
1049 720 1059 738 ,
1093 688 1210 727 ictum
1244 689 1433 740 quendam
1470 698 1622 740 tangens
1642 689 1750 727 sentit
1772 719 1782 737 ,
1816 697 1854 727 et

556 753 658 794 inter
689 754 849 806 digitum
881 763 918 793 et
949 752 1139 792 ceruicem
1173 752 1300 790 lumen
1335 752 1373 789 in
1409 751 1572 790 tenebris
1613 763 1765 790 cernere
1804 751 1834 790 li

558 826 654 869 cet,
689 817 829 857 indicio
862 815 943 856 satis
983 825 1090 855 certo
1127 846 1137 864 ,
1190 814 1478 854 electricitatem
1525 816 1854 854 communicatam

559 879 637 920 effe
670 892 761 920 cum
798 891 993 932 corpore,
1030 879 1130 932 quod
1171 879 1395 931 percuss‘etat
1438 876 1593 916 maffam
1633 875 1855 917 elestrifica-

559 953 653 984 tam.
721 943 765 983 In
800 943 1044 983 eleetricitate
1076 941 1290 993 composita
1309 973 1320 991 ,
1353 940 1379 981 fi
1410 940 1614 980 metallum
1636 969 1648 990 ‚
1681 952 1770 980 cum
1800 940 1856 979 la-

561 1018 676 1060 genae
709 1006 828 1045 fundo
870 1015 1022 1044 armato
1063 1004 1133 1043 filo
1173 1004 1366 1043 metallico
1424 1002 1595 1042 iunc‘tum
1633 1035 1644 1053 ‚
1691 1002 1855 1043 scintillis

562 1069 748 1114 electricis
781 1068 1019 1119 percutitur,
1056 1076 1094 1106 et
1128 1066 1327 1106 metallum
1360 1065 1454 1107 istud
1488 1066 1550 1106 vel
1582 1065 1691 1106 filum
1735 1066 1853 1119 tangi-

561 1142 647 1182 tur,
689 1142 837 1171 tremor
869 1129 1022 1171 sentitur
1055 1140 1093 1170 et
1126 1131 1317 1172 concuffio
1337 1162 1348 1181 ‚
1384 1130 1472 1170 licet
1501 1130 1697 1170 metallum
1716 1141 1855 1182 corpus

563 1195 737 1237 infinitae
769 1195 1017 1235 connexionis
1049 1194 1093 1234 s1t
1124 1205 1215 1233 cum
1255 1194 1334 1234 aliis
1375 1195 1601 1234 deriuatiuae
1633 1193 1856 1233 elessricita-

562 1260 611 1300 tis
642 1258 875 1311 corporibus.
942 1258 994 1298 Et
1026 1256 1137 1299 filum
1171 1258 1405 1297 metallicum
1438 1288 1450 1304 ,
1501 1257 1593 1297 dum
1649 1256 1852 1296 metallum

564 1332 754 1376 prouocat
787 1321 979 1360 scintillam
1010 1332 1059 1359 cx
1093 1332 1255 1373 corpore
1289 1318 1539 1359 electrificato
1561 1350 1571 1370 ‚
1605 1319 1726 1371 ipsum
1768 1318 1833 1358 red

565 1385 622 1425 dit
653 1383 848 1424 scintillam
871 1416 882 1434 ,
915 1384 943 1424 fi
978 1392 1159 1435 tangatur.

648 1447 841 1488 Decrescit
877 1458 968 1499 ergo
1001 1445 1220 1485 clestricitas
1253 1444 1390 1484 maffie
1430 1443 1560 1483 finitae

574 1509 615 1565 a)
647 1511 712 1552 Ob
743 1509 900 1563 angulos
932 1509 1065 1549 solidos
1097 1508 1231 1548 maffae
1265 1505 1541 1547 electrificatae.

572 1574 615 1631 2)
651 1575 716 1616 Ob
747 1586 904 1627 corpora
937 1573 1163 1613 deriuatiuae
1193 1571 1439 1612 eieci-ficimus
1487 1569 1560 1609 alia
1607 1566 1756 1611 infinita
1791 1568 1852 1610 inr-

689 1650 824 1690 primis
857 1647 962 1677 acuta
997 1649 1140 1676 vicina.

573 1700 617 1755 3)
651 1701 716 1744 Ob
747 1701 986 1742 humiditatcs
1017 1701 1062 1740 ad
1096 1699 1313 1740 fulcimenta
1352 1696 1540 1737 attractas.

573 1765 619 1822 4)
654 1766 718 1807 Ob
750 1765 922 1818 lagenam
959 1763 1374 1804 Mul'chennrockianam
1408 1763 1444 1800 in
1477 1759 1697 1813 corporibus
1737 1761 1852 1813 origi-

657 1829 782 1870 nariae
815 1827 1070 1868 electricitatis
1101 1827 1261 1879 politam
1297 1836 1334 1865 et
1369 1826 1535 1878 regulam
1566 1827 1645 1864 eius
1679 1824 1725 1864 ad
1753 1823 1852 1865 mas·

657 1892 731 1932 sam
763 1891 1042 1932 electrificatam
1078 1889 1326 1942 adplicatam.

722 1955 864 2010 Quaeri
897 1955 960 1994 hic
996 1954 1147 2005 potest:
1185 1965 1230 1991 an
1267 1965 1346 1992 non
1376 1951 1489 1991 etiam
1510 1951 1557 1992 ab
1592 1950 1853 2005 inaequalitate

574 2017 798 2070 superficiei,
819 2019 1032 2066 massarum,
1052 2016 1268 2056 demutatum
1290 2027 1326 2056 ct
1346 2015 1668 2054 coustitutiuarum
1690 2015 1852 2068 partium

576 2094 781 2136 corporum
802 2080 1132 2121 elearisicatorum
1151 2080 1381 2121 decrementi
1399 2078 1648 2120 electricitatis
1664 2077 1853 2119 diuersitas

1775 2150 1854 2179 on.
