2013 2703
1061 209 1096 268 )(
1129 216 1192 262 64
1226 209 1259 269 )(

518 343 669 388 tionem
704 341 802 385 hanc
836 352 915 382 non
946 338 1138 393 indignam
1173 335 1369 378 iudicaturi
1407 332 1514 389 fintJ
1555 350 1652 394 quae
1691 340 1842 396 reliquis

519 409 683 450 auctoris
716 406 860 459 scriptis
893 406 933 444 in
967 404 1024 444 his
1057 400 1355 442 Commentariis
1398 403 1624 445 exstantibus
1655 405 1842 459 iungatur.

520 472 669 514 Saltem
693 502 704 522 ‚
741 481 834 523 quae
876 469 975 508 inter
1017 476 1224 520 Vtrumque
1265 465 1467 506 auctorem
1502 468 1740 520 ingeniorum
1776 482 1845 522 pa-

518 537 625 584 ritas,
657 544 720 576 aut
753 528 964 586 disparitas,
995 531 1102 572 fuerit
1121 563 1131 581 ,
1163 529 1251 569 inde
1270 529 1468 584 liquescet3
1502 541 1565 571 aut
1596 533 1704 571 vuius
1722 533 1846 572 obser-

520 600 693 640 vationes
725 597 1039 637 obseruationibus
1071 594 1220 634 alterius
1250 594 1370 646 magis
1403 594 1729 636 confirmabuntur
1748 610 1760 649 ·‚
1779 606 1817 636 et
1838 628 1850 647 ,

520 663 620 718 quod
655 663 706 702 ob
738 661 915 701 locorum
949 659 1163 700 distantiam
1199 669 1372 710 rarasque
1414 657 1453 697 in
1480 658 1588 697 terris
1620 658 1850 699 Kamti'cha-

521 728 605 767 ticis
637 726 846 766 obseruatus
876 735 961 763 aues
980 754 990 773 ‚
1026 721 1219 776 probabile
1253 721 1330 771 cst,
1365 733 1442 761 non
1478 721 1575 762 nulla
1595 723 1848 775 reperientur,

521 791 651 831 nostro
685 788 829 829 auctori
865 788 1017 842 propria
1043 819 1054 838 ,
1099 795 1136 826 et
1170 784 1347 826 historiae
1389 784 1518 825 auium
1568 786 1679 826 alicui
1731 798 1850 825 orna-

519 863 654 895 mento
672 855 808 893 futura.
863 852 1034 892 Primum
1061 849 1320 890 auc‘torineo
1339 845 1533 902 versatur,
1571 849 1848 889 vtscntcntiam

516 918 670 959 iliorum
707 916 883 968 refellat,
918 915 978 968 qui
1015 926 1065 953 ex
1099 913 1196 954 nidis
1231 922 1268 953 et
1318 914 1402 953 ouis
1443 914 1571 954 auium
1616 913 1847 953 methodum

518 981 852 1035 ornithologicam
888 978 1029 1019 confici
1072 976 1177 1032 posse
1212 986 1470 1030 putauerunt,
1523 976 1608 1017 dein
1644 977 1848 1017 obstruati-

523 1059 616 1086 ones
647 1045 840 1100 generales
874 1043 922 1083 de
956 1043 1133 1083 nidorum
1169 1050 1207 1081 et
1239 1053 1402 1081 ouorum
1447 1041 1657 1082 diuersitate
1708 1041 1816 1081 affert
1837 1072 1848 1092 ,

520 1121 558 1151 et
593 1111 746 1151 tandem
781 1109 828 1149 ad
863 1107 982 1160 ipfiim
1018 1120 1100 1148 rem
1135 1105 1435 1158 pertractandam
1470 1104 1505 1143 se
1548 1106 1740 1158 accingit,
1780 1116 1850 1157 qua

519 1174 659 1228 singula
698 1183 770 1213 oua
805 1171 1033 1211 diuersarum
1068 1170 1195 1209 auium
1229 1180 1249 1208 a
1283 1168 1317 1208 se
1351 1167 1423 1207 rifi
1458 1168 1659 1208 secundum
1704 1168 1856 1219 magni-

519 1239 687 1279 tudinem
711 1270 720 1287 ,
762 1235 911 1276 colores
951 1243 989 1273 et
1035 1231 1196 1273 maculas
1236 1231 1322 1283 ipsis
1366 1230 1601 1270 inhaerentes
1646 1229 1852 1283 describit,

520 1311 560 1343 et
594 1299 762 1343 XXIX.
806 1308 879 1336 oua
913 1297 949 1335 in
1004 1294 1061 1335 1V
1113 1293 1270 1334 Tabulis
1320 1292 1473 1346 depieta
1525 1294 1668 1333 curioso
1715 1293 1848 1333 harum

520 1377 646 1407 rerum
674 1361 809 1403 lec‘tori
830 1360 956 1400 offert.
1001 1358 1117 1415 Quod
1144 1358 1186 1398 ad
1226 1356 1491 1398 trac'tatiouem
1526 1357 1643 1410 ipsam
1682 1357 1815 1396 attinet
1835 1385 1849 1407 ,

521 1427 764 1470 monendum
806 1424 1008 1474 ducimus,
1046 1423 1111 1462 has
1129 1419 1405 1461 obseruationes
1424 1421 1462 1459 in
1500 1420 1630 1460 itinere
1658 1419 1851 1461 confecias

520 1491 595 1533 effe
616 1525 626 1545 ‚
646 1503 696 1532 ne
725 1489 803 1543 quis
830 1488 975 1529 maiora
995 1486 1059 1527 fibi
1099 1486 1160 1526 hic
1198 1495 1434 1538 reperturum
1472 1483 1545 1523 effe
1566 1517 1576 1536 ,
1611 1485 1851 1538 polliceatur,

523 1569 636 1612 quam
670 1567 709 1595 re
743 1552 821 1607 ipsa
853 1551 1033 1594 offendet.
1101 1549 1283 1602 Denique
1316 1548 1670 1590 obstruatiunculam
1713 1550 1759 1589 de
1779 1559 1854 1588 no·

520 1620 627 1662 mine
664 1617 870 1659 incolarum
906 1615 952 1655 ad
988 1611 1262 1668 Kamtschatka
1296 1623 1335 1653 ct
1367 1609 1561 1667 Boffehaia
1596 1614 1687 1654 reka
1720 1613 1854 1653 fluuios

523 1683 779 1724 habitantium
827 1679 1074 1726 adiiciemm,
1128 1677 1279 1719 abhoc
1330 1678 1420 1719 loco
1471 1689 1548 1717 non
1583 1675 1725 1730 prorsus
1758 1677 1851 1716 alic-

524 1760 629 1789 nam.
699 1748 807 1802 Quos
838 1756 1003 1796 namque
1038 1740 1341 1795 Kamsfihcdahs
1391 1741 1534 1794 vulgari
1570 1742 1729 1780 nomine
1762 1738 1850 1778 salu-

522 1819 647 1852 tamus
667 1843 677 1862 ,
709 1810 780 1850 hos
798 1807 993 1856 Stellas-us,
1030 1816 1110 1848 tam
1134 1809 1171 1847 in
1191 1806 1265 1846 hoc
1289 1806 1424 1860 scripto
1444 1838 1453 1855 ,
1486 1816 1598 1857 quam
1639 1804 1674 1842 in
1696 1815 1851 1856 praece-

523 1875 692 1915 dentibus
741 1873 808 1913 suis
829 1904 839 1920 ‚
893 1870 1112 1913 Itaelmfnos
1167 1882 1304 1911 vocare
1359 1868 1496 1909 affolct.
1564 1867 1686 1922 Qiare
1739 1864 1851 1907 hoc?

520 1938 620 1995 Qiia
654 1934 761 1977 Gens
798 1936 883 1985 ista,
920 1935 1024 1974 terris
1060 1933 1348 1976 Kamtschaticis
1383 1932 1584 1984 indigena,
1620 1929 1695 1984 ipsa
1731 1929 1850 1970 semet

522 2002 599 2043 hoc
636 2001 796 2041 nomine
846 1999 1024 2052 adpellat.
1095 1998 1257 2039 Nullum
1303 1996 1458 2036 dubium
1511 1995 1604 2045 cst,
1656 1994 1681 2034 si
1733 1992 1849 2045 primi

520 2065 648 2116 Ruffi,
680 2065 743 2119 qui
780 2064 827 2103 de
861 2061 1165 2103 Kamtsthedalis
1186 2061 1362 2100 notitiam
1399 2059 1690 2114 perhibuerunt,
1727 2055 1852 2098 Itael-

523 2142 708 2170 menorwn
743 2127 933 2168 vocabulo
965 2128 1008 2166 ad
1047 2139 1111 2166 cos
1143 2125 1392 2178 designandos
1426 2123 1480 2163 xii
1516 2120 1660 2162 fuissent
1682 2149 1692 2169 ,
1735 2120 1849 2171 illud,

523 2202 703 2247 tanquam
759 2191 861 2246 genti
881 2191 936 2231 isti
956 2192 1154 2246 proprium
1175 2222 1186 2244 ‚
1222 2189 1340 2244 magis
1372 2200 1487 2244 quam
1525 2184 1723 2236 alienum,
1759 2196 1854 2236 pro-

1737 2259 1850 2288 rneri-
