2013 2703
565 132 652 180 με
746 123 849 170 DE
883 82 1182 168 rumen
1213 111 1741 164 nze-Tmen.

563 243 683 296 magis
701 241 746 280 ad
765 248 928 290 corpora
947 233 1173 286 originariae
1192 231 1450 274 ele&ricitatis
1474 232 1648 274 accedere
1675 233 1815 275 debere

562 308 670 348 facilc
707 302 941 352 intelligitur.
975 297 1076 338 Hinc
1112 299 1227 338 etiarn
1264 294 1438 351 cognosci
1471 298 1592 349 potest
1628 299 1849 348 exindice‚

562 382 655 423 quae
690 367 787 404 vitra
822 363 894 404 sint
929 362 1079 415 optima
1112 362 1158 402 ad
1209 360 1494 402 electricitatem
1555 363 1846 413 producendam.

565 429 709 487 Quodsi
743 429 844 468 enirn
881 426 1105 467 eleaticitas
1133 426 1320 467 excitatur
1353 426 1391 465 in
1425 425 1541 465 massa
1574 425 1735 478 quadam
1756 456 1766 474 ,
1813 436 1852 466 et

564 504 715 537 notetur
748 502 901 545 tempus
921 523 931 541 ,
965 503 1042 543 quo
1075 503 1096 530 a
1130 489 1245 544 gradu
1276 497 1383 530 certo
1423 488 1470 529 ad
1521 489 1679 542 gradum
1731 487 1853 529 alium

563 558 675 601 filum
707 556 838 598 indicis
869 554 1057 595 descendit
1085 587 1096 605 ‚
1128 565 1164 594 et
1196 555 1281 594 dein
1315 550 1566 594 eleetricitate
1601 553 1730 593 denuo
1749 552 1856 592 exci-

566 633 644 664 tata
664 654 675 672 ‚
708 630 746 660 et
774 620 878 659 vitro
903 619 1161 658 examinando
1188 618 1287 658 sicco
1311 617 1357 657 ad
1385 616 1539 657 massam
1570 616 1856 657 electrificatam

569 686 758 739 adplicato
777 716 788 734 ,
819 684 868 723 ita
889 716 899 733 ,
931 692 973 722 vt
1007 693 1056 722 ex
1096 694 1175 721 vna
1210 690 1316 735 parte
1349 681 1463 722 maffi
1491 681 1730 721 eltc‘trificata
1752 713 1762 731 ,
1805 691 1857 720 ex

568 751 684 791 altera
718 758 825 802 parte
861 746 973 787 massa
1007 758 1087 786 non
1120 744 1356 786 elestrificata
1390 744 1534 785 infinita
1570 749 1709 785 vitrum
1764 755 1858 783 con-

569 815 692 866 tingat
723 811 1062 862 examinandum3
1098 809 1125 850 fi
1159 819 1314 850 notetur
1348 807 1464 849 rursus
1497 818 1651 861 tempus
1670 841 1680 859 ,
1712 821 1789 860 quo
1809 807 1858 846 ab

569 877 709 918 eodem
747 876 867 927 gradu
889 906 900 924 ‚
936 887 1013 927 quo
1047 875 1084 914 in
1127 874 1243 927 priori
1275 872 1358 913 casu
1379 905 1390 924 ,
1421 872 1468 912 ad
1504 872 1667 912 eundem
1699 871 1859 923 gradum

570 940 713 982 accedit
747 937 858 979 filum
893 939 1052 988 indicis,
1090 937 1369 989 inueniaturque
1406 945 1559 988 ternpu³
1586 936 1683 987 prius
1710 934 1862 986 aequale

570 1002 647 1045 effe
685 1003 879 1055 posteriori
900 1033 911 1049 ,
944 1001 1086 1039 vitrum
1120 999 1425 1052 deprehendetur
1474 1000 1518 1038 ad
1569 998 1860 1038 electricitatem

572 1065 854 1121 producendam
891 1064 1108 1115 idoneum3
1155 1062 1285 1115 quodfi
1334 1074 1430 1101 vero
1481 1062 1600 1102 maius
1648 1061 1864 1102 obseruetur

572 1129 761 1181 temporis
793 1127 952 1180 spatium
975 1158 986 1178 ,
1018 1126 1142 1166 saltem
1180 1137 1257 1166 non
1292 1126 1342 1166 ita
1376 1125 1497 1166 bonae
1531 1137 1644 1166 notae
1693 1127 1766 1166 erit
1816 1136 1863 1165 ac

571 1194 718 1234 vitrum
740 1224 751 1243 ,
785 1202 860 1244 quo
877 1191 1038 1230 excitata
1056 1189 1108 1229 est
1126 1188 1364 1230 eleaticitas.
1403 1190 1502 1231 Hinc
1521 1187 1656 1231 Celeb.
1689 1188 1863 1233 Ialabert

573 1256 718 1299 detexit
737 1287 748 1306 ,
768 1255 864 1294 vitra
881 1252 1109 1293 elec'tricitati
1129 1254 1216 1292 tritu
1236 1252 1497 1306 producendae
1515 1256 1644 1307 inepta
1664 1266 1734 1307 per
1750 1265 1863 1293 corn·

574 1319 878 1363 municationem
897 1315 1142 1356 electrifisata
1161 1318 1248 1356 dare
1267 1315 1399 1356 lumen
1419 1316 1615 1367 fulgentius
1635 1349 1644 1366 ‚
1664 1328 1775 1369 quam
1797 1327 1836 1352 ea
1850 1347 1861 1364 ,

577 1394 674 1437 quie
707 1380 941 1421 electricitati
968 1380 1054 1419 tritu
1084 1378 1346 1432 producendae
1372 1377 1559 1430 aptissima
1598 1378 1689 1418 sunt.
1735 1376 1860 1419 Facile

577 1447 697 1488 etiam
731 1452 835 1497 patet
856 1476 865 1493 ,
899 1454 942 1481 ea
976 1443 1073 1482 vitra
1108 1442 1289 1482 maximo
1314 1454 1403 1482 cum
1437 1439 1596 1483 succeffu
1632 1441 1861 1482 fulcimentis

579 1520 788 1561 corporum
820 1505 1187 1548 elec‘trificandorurn
1223 1506 1392 1546 inieruire
1414 1537 1424 1554 ,
1455 1518 1548 1557 quae
1583 1517 1650 1558 per
1684 1515 1861 1546 commu-

579 1574 815 1615 nicationem
852 1569 1049 1610 difficulter
1084 1580 1121 1609 et
1159 1582 1291 1623 parum
1325 1567 1629 1609 eleetrificantur.

699 1638 724 1672 6
738 1632 895 1686 .)Supra
913 1634 990 1674 iam
1010 1635 1154 1683 monui,
1175 1633 1341 1673 indicem
1362 1631 1572 1683 ostendere,
1582 1644 1672 1672 cum
1684 1631 1864 1671 differen-

582 1699 634 1740 tia
667 1698 958 1738 elestricitatum
992 1696 1277 1736 vehementiam
1312 1696 1483 1736 scintillae
1502 1697 1623 1750 augeri
1645 1728 1656 1746 ,
1675 1696 1700 1735 si
1725 1706 1866 1747 nempe

582 1763 850 1815 homogeneae
917 1761 1166 1800 cleftricitatis
1223 1760 1291 1801 sint
1321 1772 1512 1813 corpor23
1582 1760 1690 1800 aliter
1758 1761 1864 1798 enim

582 1827 664 1867 {iltis
697 1826 974 1866 vehementem
1010 1824 1200 1864 scintillam
1253 1825 1409 1876 produci
1459 1824 1590 1865 monui
1627 1856 1637 1875 ,
1688 1823 1713 1863 si
1766 1822 1867 1862 nulla

585 1889 875 1929 electricitatum
911 1889 1124 1928 differentia
1147 1887 1323 1939 prodatur
1341 1887 1518 1928 indicibus
1537 1920 1548 1938 ‚
1579 1899 1720 1941 nempe
1752 1887 1778 1928 si
1798 1898 1871 1926 ex-

584 1954 702 1994 citans
732 1951 1020 1992 ele&ricitatem
1055 1953 1093 1990 in
1123 1950 1240 1990 resina
1274 1952 1340 1991 stet
1363 1984 1374 2003 ‚
1404 1962 1441 1992 et
1476 1964 1550 1992 non
1575 1963 1798 1991 connexum
1828 1950 1870 1990 sit

589 2029 677 2057 cum
714 2016 921 2055 reciniente
954 2015 1251 2055 clcc‘tricitatcm.
1320 2012 1420 2056 Cum
1455 2015 1660 2057 differentia
1692 2015 1871 2055 electrici-

588 2090 709 2122 tatum
754 2079 1050 2121 vehementiam
1091 2079 1270 2121 scintillae
1312 2082 1472 2135 augeri,
1517 2080 1685 2134 sequenti
1727 2079 1869 2118 ratione

1705 2139 1874 2198 experiri
