2013 2703
304 139 390 186 IN
432 135 799 184 CORPORE
850 134 1232 183 ANIMALI.
1311 143 1395 186 361

123 258 283 300 secreto.
349 258 542 316 Quatenus
589 271 680 312 ergo
730 257 839 299 fibras
879 256 1172 308 longitudinaies
1201 254 1404 306 ambiens,

121 325 252 365 iisdem
287 323 487 362 intertexta
529 321 593 362 has
631 322 825 373 coniungit
844 354 855 372 ‚
908 321 987 374 plus
1018 320 1233 361 distenditur
1252 352 1262 372 ,
1292 327 1401 373 atque

120 388 169 428 ita
203 389 354 428 easdem
390 399 410 426 a
442 386 475 425 se
518 387 680 426 inuicem
725 397 922 435 remouct,
972 395 1009 425 ct
1043 384 1226 426 fasciculos
1260 388 1403 424 muitu-

118 452 208 492 lares
240 465 260 492 a
295 450 469 491 fasciculis
503 452 624 502 magis
657 450 817 489 abducit.
857 450 995 501 Ergo,
1029 462 1122 502 quae
1154 449 1273 488 forent
1303 447 1399 487 obli-

119 528 211 567 quae
263 515 326 554 vel
378 514 599 553 tramverne
641 512 925 565 longitudinales
972 512 1037 551 has
1088 513 1404 565 interreptantes‚

118 578 233 618 fibrae
252 577 509 618 extendendae
530 578 627 627 sunt,
646 585 683 616 et
702 587 830 616 tumen
850 607 861 626 ,
895 575 952 614 vti
972 575 1091 628 prius,
1110 587 1227 629 aeque
1245 585 1399 628 promte

118 643 302 682 adtuoihe.
378 639 454 680 Sed
504 640 760 694 supponuntur
808 638 879 678 effe
929 638 1133 690 neruosae,
1184 640 1272 679 ideo
1320 638 1397 679 hoc

118 706 268 746 iliarum
304 704 442 745 :ustioni
475 705 709 743 contrarium
745 702 810 742 est.
876 700 1030 743 Neruus
1060 703 1203 756 quippe
1249 713 1396 755 praeter

118 771 281 810 modum
318 767 381 807 vel
414 767 576 807 minime
596 800 606 818 ,
640 768 812 820 inprimis
845 765 995 817 subito,
1030 767 1204 807 extensus
1255 768 1396 807 excitat

115 834 291 873 dolorem
313 864 324 883 ,
373 843 451 883 quo
484 832 560 884 ipse
594 832 723 871 minor
755 831 807 871 est
827 863 837 882 ‚
870 830 1059 870 maiorem
1092 844 1101 869 ε
1136 832 1189 870 vti
1218 840 1322 882 patet
1355 831 1396 869 in

115 896 308 951 podagra,
344 904 454 948 atque
488 895 538 934 ibi
561 925 573 947 ,
607 895 672 935 vbi
707 895 815 947 agit,
848 894 911 934 vel
945 894 992 934 ab
1018 892 1177 934 obieffis
1201 892 1397 946 afficitur,

114 961 216 1013 prius
247 958 454 999 liberandus
483 958 534 998 est
567 959 612 998 ab
648 958 707 998 illa
739 958 962 998 membrana
982 990 992 1010 ‚
1025 970 1096 1011 qua
1117 990 1128 1008 ,
1162 958 1219 997 vti
1253 959 1398 1008 theca,

116 1023 306 1063 inuolatus
336 1022 432 1060 inter
466 1031 588 1075 partes
620 1020 777 1060 defertur
811 1021 856 1060 ad
892 1021 1018 1059 locum
1046 1021 1266 1061 destinatum
1289 1053 1300 1071 ‚
1332 1022 1398 1061 vel

116 1087 288 1126 maxime
322 1085 368 1124 ab
401 1085 542 1136 origine
577 1084 613 1122 in
653 1095 813 1136 corpore
859 1083 1074 1122 distantem.
1138 1083 1224 1123 Erit
1275 1084 1398 1136 itaque

116 1150 272 1189 mollior
307 1158 344 1188 et
377 1148 493 1187 nimis
526 1146 727 1201 pulposus,
776 1158 891 1199 quam
925 1156 966 1185 vt
1001 1148 1138 1187 maiori
1185 1147 1397 1200 repletione

112 1212 307 1266 spuituum
344 1222 522 1262 tumens,
556 1209 666 1249 fibras
699 1209 918 1249 musculosus
947 1221 1056 1249 cauas
1098 1211 1252 1263 quidem
1272 1242 1284 1261 ,
1332 1211 1394 1253 sed

112 1288 134 1316 a
154 1285 332 1315 contento
350 1276 507 1327 proprio
533 1273 647 1313 fluido
664 1272 838 1312 distentas
853 1282 892 1312 et
909 1273 1108 1313 refistentes
1126 1307 1136 1323 ‚
1167 1273 1231 1313 vbi
1252 1273 1318 1313 has
1336 1275 1392 1315 in-

110 1347 287 1391 terreptat
307 1369 316 1388 ‚
353 1337 626 1389 comprimeret
646 1367 656 1386 ‚
677 1337 845 1389 adeoque
865 1337 943 1376 vim
969 1335 1083 1376 semet
1103 1337 1184 1390 ipso
1203 1338 1392 1378 maiorem

111 1410 319 1441 exerceret.
387 1398 527 1453 Neque
570 1401 649 1451 ibi,
700 1401 764 1439 vbi
799 1411 932 1439 neruus
983 1399 1193 1441 musculum
1247 1402 1391 1453 intrat,

111 1466 251 1504 tunicas
283 1463 390 1514 suas,
421 1474 603 1516 quantum
657 1475 729 1516 ego
778 1463 1059 1516 deprehendere
1111 1463 1259 1518 poffum
1311 1465 1389 1506 stib,

112 1527 168 1567 tili
224 1529 396 1578 indagine
417 1559 426 1576 ‚
476 1527 670 1579 deponit3
720 1540 907 1580 quousque
957 1529 1099 1567 etenim
1136 1529 1174 1567 in
1226 1531 1391 1571 minores

111 1591 276 1631 ramulos
297 1620 306 1638 ‚
342 1588 510 1641 respectu
540 1590 687 1641 trunci,
720 1591 766 1631 ad
792 1591 944 1643 angulos
972 1592 1138 1631 internos
1165 1591 1243 1632 satis
1261 1602 1390 1634 acutos

112 1654 217 1694 illum
253 1653 455 1706 dispersum
478 1685 488 1703 ,
520 1662 556 1693 et
590 1654 795 1710 musculum
826 1665 1103 1707 perreptantem
1126 1687 1136 1706 ,
1157 1655 1358 1709 prosequor
1376 1689 1387 1707 ‚

110 1719 222 1770 longe
255 1717 418 1756 tenacior
449 1717 500 1756 est
520 1748 532 1769 ‚
565 1731 674 1770 quam
712 1719 792 1768 ibi,
828 1719 889 1757 vbi
925 1719 961 1757 in
995 1719 1104 1757 initio
1138 1731 1185 1758 ex
1221 1716 1388 1761 medulla

112 1783 314 1834 obiouguta
348 1780 411 1820 vel
444 1779 568 1834 spin.11i
600 1783 715 1822 oritur
734 1815 744 1833 ‚
775 1792 972 1834 antequam
1008 1782 1222 1834 vagiuuiam
1250 1795 1269 1822 a
1294 1784 1385 1824 dura

112 1855 228 1887 mitre
262 1847 387 1883 datam
413 1874 422 1892 ‚
456 1845 531 1884 iam
560 1845 639 1897 piae
670 1847 797 1886 matris
830 1846 1025 1887 inuolucro
1059 1846 1225 1896 velatus,
1260 1847 1385 1888 inzte-

109 1911 215 1950 ditur.
285 1908 396 1947 Vnde
430 1908 622 1960 suspicor,
672 1919 755 1949 tum
806 1909 962 1950 demum
1017 1909 1168 1949 fibrillas
1215 1910 1385 1951 neruosas

110 1972 258 2012 thecula
292 1972 458 2023 depofita
491 1971 648 2023 egredi,
678 1973 826 2025 quando
860 1973 1004 2027 singulis
1037 1972 1138 2014 fibris
1171 1974 1269 2013 cauis
1296 1988 1385 2015 mu-

107 2036 248 2076 sculofis
279 2035 472 2087 singulares
504 2035 703 2075 inseruntur
721 2069 731 2087 ,
766 2037 810 2077 ad
831 2037 1024 2087 nd'tionem
1044 2037 1256 2078 distinctam
1276 2070 1286 2088 ,
1306 2039 1382 2079 fine

106 2100 179 2140 vlia
232 2099 448 2138 confluione
474 2129 484 2149 ‚
538 2099 574 2139 in
628 2102 799 2141 omnibus
851 2102 1120 2142 exercendam.
1195 2102 1280 2142 Erit
1333 2103 1382 2142 ita

165 2163 286 2206 Tom.
308 2162 380 2204 IV.
404 2162 511 2204 Nou.
529 2159 648 2202 Com.
840 2161 877 2204 Z
908 2176 929 2205 z
1288 2177 1363 2204 *anx
