2013 2703
354 149 435 194 ιΝ
499 147 858 195 CORPORE
926 149 1304 194 ANIMALI.
1381 134 1469 205 357

339 267 519 323 Simplex
550 276 673 309 antem
708 267 803 308 fibra
839 279 915 307 non
950 269 1027 322 agit
1062 269 1213 310 solitaria
1235 303 1245 322 ,
1280 269 1352 310 lior:
1399 272 1472 311 iam

191 337 313 389 patuit
345 337 384 376 in
419 334 485 374 illis
507 364 517 383 ‚
553 344 646 385 quae
680 332 917 380 compositae
952 335 1159 374 musculum
1210 335 1473 384 constituunt,

193 400 250 439 sed
283 410 402 440 aetate
437 397 604 437 firmitur
636 396 681 435 ad
713 396 903 436 actionem
941 398 1061 450 magis
1091 398 1257 438 validam
1295 411 1362 450 per
1391 411 1475 451 pro<

192 465 310 516 priam
333 495 344 512 ‚
378 472 416 501 et
449 471 537 501 curn
590 459 691 499 fibris
729 459 903 499 similibus
942 460 1208 501 cohaesionem
1251 461 1474 502 arctiorem.

192 525 298 567 Prior
331 526 503 575 obtinet,
537 523 628 562 dum
652 521 799 561 mucosa
819 523 854 560 in
890 522 1160 574 incremento,
1196 536 1263 576 per
1290 537 1474 577 augmen-

193 599 275 630 tum
307 599 530 630 atomornm
561 595 599 625 et
635 584 766 625 harum
802 585 1070 627 adunationem
1110 587 1332 640 propiorem
1359 619 1370 638 ,
1396 587 1475 640 glu-

191 653 271 694 tine
304 652 386 707 plus
417 653 512 692 inter
539 648 690 689 easdem
734 647 962 689 condensato
981 682 992 702 ,
1028 651 1198 690 tenacior
1229 648 1288 691 fit.
1342 651 1474 692 Altera

193 729 311 767 vero,
343 717 434 756 dum
465 712 610 754 vascula
643 713 802 753 minima
836 724 887 752 ex
938 713 1206 767 simplicissima
1247 715 1472 756 membrana

190 779 394 820 convoluta
426 781 462 818 in
498 777 635 818 fibmm
670 776 923 831 compositam
944 809 955 828 ,
988 790 1055 831 per
1073 776 1270 830 θλίψιν,
1303 779 1472 820 velcum

187 853 368 884 contento
417 841 559 894 liquido
585 871 596 891 ,
645 840 784 882 abolita
835 840 1022 894 cauitate,
1084 841 1334 882 concrescunt.
1401 840 1468 882 Sic

191 907 413 957 roboratur,
445 905 535 944 dum
572 903 764 954 increscit,
798 915 944 958 corpus.
980 904 1162 946 Absolute
1196 917 1287 959 ergo
1322 905 1471 959 impos-

191 969 293 1010 fibile
327 968 408 1019 est,
442 977 582 1008 certam
618 967 708 1007 dare
740 967 973 1008 cohaesionis
1005 968 1267 1009 definitionem
1303 969 1342 1009 in
1378 969 1468 1010 eius-

191 1034 280 1073 dem
300 1030 465 1084 corporis
487 1030 647 1084 partibus
664 1030 813 1070 diuersis
840 1042 917 1069 non
938 1032 1056 1070 modo
1078 1062 1089 1080 ,
1122 1031 1181 1072 sed
1199 1042 1236 1072 et
1254 1033 1326 1073 alia
1345 1041 1474 1073 aetate

192 1098 228 1136 in
265 1096 410 1136 iisdem.
474 1092 619 1135 Offium
655 1093 882 1133 lineamenta
915 1094 953 1132 in
991 1095 1117 1146 primo
1170 1094 1333 1135 formato
1384 1107 1471 1135 em—

192 1160 324 1200 brione
359 1156 531 1198 diffluunt
569 1156 745 1207 mucosa,
789 1169 866 1196 non
917 1156 1107 1196 sustentata
1141 1159 1283 1211 aequali
1314 1158 1471 1212 liquore.

191 1223 304 1265 Fiunt
319 1222 456 1263 deinde
474 1220 770 1270 membranacea,
787 1220 1037 1272 cartilaginea,
1056 1231 1093 1260 et
1113 1220 1293 1262 offescunt
1311 1222 1349 1262 in
1367 1220 1469 1263 foetu

189 1287 269 1329 iam
288 1289 326 1327 in
346 1295 476 1327 vteroz
495 1285 532 1324 in
554 1283 752 1324 iunioribus
770 1284 902 1323 eadem
923 1283 1086 1334 succosa,
1105 1284 1260 1324 demum
1283 1287 1321 1324 in
1340 1285 1471 1326 decre-

189 1352 277 1402 pitis
305 1350 465 1390 ebnrnea
499 1347 673 1387 euadunt.
739 1345 884 1387 Dentes
918 1347 1159 1387 adamantina
1195 1349 1329 1388 duritie
1348 1349 1472 1403 splen-

188 1414 318 1454 dentes
339 1444 348 1456 ,
380 1413 484 1453 fuere
519 1423 676 1461 mucuS,
725 1411 949 1451 membrana
1002 1410 1211 1451 tenuissima
1255 1410 1469 1461 vasculofit,

190 1478 399 1517 rudimenta
433 1474 671 1515 cohaerentia
705 1475 830 1515 media
866 1476 902 1514 in
937 1474 1097 1528 gelatina
1132 1477 1311 1516 natantia.
1380 1476 1472 1516 Vidi

193 1539 228 1579 in
260 1543 343 1578 (ene
378 1539 461 1591 post
493 1537 744 1578 centesimum
779 1551 918 1579 annum
955 1550 1110 1579 mortuo
1131 1572 1141 1590 ,
1175 1551 1263 1591 quae
1285 1540 1321 1579 in
1343 1540 1468 1580 iuuen-

192 1612 270 1642 tute
305 1615 354 1642 ex
390 1601 501 1641 mei-is
534 1600 609 1641 sere
643 1602 792 1642 vasculis
824 1602 990 1642 constare
1026 1616 1092 1655 pcr
1126 1602 1349 1643 iniectiones
1383 1616 1473 1643 ann-

194 1666 352 1704 tomicns
384 1675 566 1717 apparet,
597 1674 742 1706 nort-sm
765 1698 774 1715 ,
811 1667 875 1706 vbi
909 1667 1019 1706 corde
1038 1667 1224 1718 egreditur
1247 1698 1257 1715 ‚
1278 1678 1312 1706 ct
1345 1668 1472 1720 primo

190 1729 366 1768 diuiditur
388 1760 397 1778 ‚
433 1729 537 1781 plane
557 1741 731 1769 corneam
755 1761 765 1779 ,
800 1730 956 1782 rigidam*
980 1761 990 1780 ‚
1020 1741 1056 1768 et
1084 1730 1342 1769 inmobilem.
1380 1731 1470 1770 Vidi

193 1794 228 1831 in
260 1791 399 1831 codem
436 1792 560 1832 Nauta
594 1795 760 1832 (merito
783 1824 794 1841 ,
829 1793 947 1833 sinum
981 1794 1093 1832 durae
1139 1794 1266 1833 matris
1309 1794 1470 1847 longitu-

193 1855 359 1895 dinalem
395 1863 435 1894 et
471 1854 675 1907 processum
699 1890 709 1908 ,
743 1857 804 1908 qui
839 1856 1051 1897 falcisormis
1083 1857 1338 1909 hemispheria
1365 1869 1470 1898 ccre-

194 1920 249 1958 bri
286 1918 503 1970 distinguit.
536 1919 694 1970 granulis
730 1919 936 1960 innumeris
968 1918 1105 1967 osseis,
1140 1921 1235 1973 qnasi
1281 1930 1338 1960 tot
1375 1933 1466 1973 pun>

189 1983 285 2030 c'tis,
322 1983 421 2020 vnde
455 1980 649 2021 oilificatio
681 1983 839 2036 incipit,
876 1983 1061 2036 repletum
1086 2017 1095 2035 ,
1128 1994 1163 2023 et
1195 1995 1272 2024 erait
1322 1984 1463 2024 sinuum

187 2043 382 2085 concursus
417 2076 426 2089 ,
476 2057 587 2097 quem
646 2048 803 2086 torcular
859 2047 1063 2099 Herophili
1114 2048 1243 2088 dicunt
1278 2080 1287 2097 ,
1355 2048 1466 2101 plane

186 2111 313 2151 osseus.
348 2107 458 2149 Idem
494 2109 547 2148 vti
579 2109 615 2147 in
650 2109 867 2152 animalibus
887 2144 898 2164 ,
932 2111 1077 2152 obtinet
1110 2113 1147 2152 in
1180 2111 1350 2153 foffilibus
1367 2121 1404 2150 ct
1426 2124 1461 2148 vn

1354 2186 1467 2227 vege-
