2013 2703
434 141 835 190 ETEIVS
901 141 1090 187 VSV.
1313 149 1403 195 336

127 263 393 308 ‹leatificatae
425 264 614 305 volumini
648 265 826 305 materiae
851 263 1046 303 eleetricae
1065 263 1225 315 agitatae
1245 263 1411 303 immer-

124 330 160 370 fii
193 329 300 381 ess‘e3
334 341 411 380 quo
443 328 524 369 casu
560 329 702 369 necesse
734 328 787 368 est
825 361 835 378 ,
890 337 929 366 vt
973 329 1073 379 virga
1113 326 1229 366 ferrea
1272 329 1409 380 absque

126 395 239 434 omni
271 393 429 433 fulmine
464 403 500 432 et
533 394 672 432 tonitru
709 391 998 441 amarificant,
1031 392 1055 430 si
1090 392 1268 430 nimirum
1309 390 1410 431 nulla

128 457 243 498 nubes
275 457 410 497 maiori
442 457 504 496 vel
538 456 680 496 minori
711 459 828 506 gradu
879 454 1118 493 elec‘trificata
1171 453 1218 492 ad
1270 454 1410 495 nubem

126 520 231 561 illam
266 520 410 560 accedit
430 552 440 570 ,
472 519 574 560 cuius
607 517 796 557 volumini
825 518 1001 555 materiae
1035 515 1232 556 electricac
1254 519 1412 570 agitatae

127 585 235 637 virga
267 583 382 622 ferrea
416 582 593 622 immersit
625 580 706 630 est,
739 591 814 632 quo
847 578 947 618 facto
981 578 1132 618 scintilla
1175 592 1411 633 concrepans

127 657 167 686 et
201 646 532 686 inflammabilibus
565 644 733 684 materiis
768 640 1016 695 praesentibus
1046 642 1332 694 inflammatio,
1369 653 1409 684 et

127 709 313 750 interdurn
366 709 480 749 etiam
535 709 672 747 tonitru
724 705 905 747 obseruari
957 706 1123 745 deberet.
1190 706 1250 747 Ita
1297 707 1405 747 enim

127 772 307 814 artificiali
341 771 584 811 electricitate
616 769 879 810 electrificatur
913 770 1017 823 virga
1050 769 1195 821 ferrea,
1245 770 1269 810 fi
1304 770 1410 811 redte

126 835 264 876 suffiilta
299 834 353 874 est
388 844 425 874 et
464 833 644 887 sphaerae
678 833 873 875 affinitatis
891 835 1064 886 corporis
1083 833 1316 874 eietftrificati
1337 836 1410 874 im-

123 898 241 940 mersa
259 931 268 949 ,
289 898 364 939 sine
390 899 500 938 omni
526 896 676 945 scintilla
710 907 961 951 concrepante
994 899 1264 951 praecedente:
1286 910 1411 951 neque

123 962 341 1004 mirandum
374 961 427 1001 est
458 960 533 1002 hoc
567 962 657 1021 casiiX
678 961 788 1002 filum
824 961 954 1002 indicis
1000 974 1068 1015 per
1118 962 1258 1017 insigne
1308 970 1412 1002 tem..

123 1026 227 1080 poris
263 1024 497 1064 interuallum
530 1024 722 1079 ostendere
756 1025 923 1063 eundem
957 1029 1132 1077 gradum.

274 1088 400 1129 Potest
435 1086 476 1140 ε)
510 1087 641 1127 eadem
677 1081 779 1139 virga
814 1085 929 1126 ferrea
959 1097 1065 1126 extra
1084 1086 1279 1140 sphaeram
1307 1087 1407 1129 affi-

123 1152 253 1193 vitatis
287 1151 395 1192 nubis
425 1150 685 1192 elestrificatae
714 1149 904 1203 existere3
939 1162 1016 1203 quo
1049 1150 1130 1192 casu
1163 1152 1304 1197 nullam
1325 1151 1412 1195 ele-

122 1216 350 1258 stticitatem
384 1214 491 1256 filum
527 1204 713 1262 indicabit.
749 1211 914 1252 Ponatur
940 1223 1069 1255 autem

281 1278 325 1330 3)
359 1269 724 1331 adpropinquauone
764 1275 993 1320 diuersarum
1036 1279 1191 1321 nubium
1235 1281 1412 1337 inaequa-

125 1342 209 1384 liter
260 1333 613 1382 elec‘tnficataffln(
637 1339 727 1381 oriri
778 1339 973 1383 scintillam
1008 1354 1306 1399 concrepantem
1327 1378 1337 1396 ,
1373 1355 1413 1387 et

125 1406 213 1447 inde
247 1405 392 1445 fulmen
424 1413 461 1444 et
493 1405 634 1446 tonitru
655 1437 666 1457 ,
701 1405 824 1459 potest
859 1405 949 1449 hinc
980 1407 1099 1448 subito
1132 1410 1256 1462 augeri
1291 1408 1414 1449 radius

125 1469 305 1522 sphaerae
337 1468 536 1510 affinitatis
569 1469 675 1510 nubis
694 1503 705 1521 ,
742 1471 798 1511 vti
829 1470 936 1525 virga
971 1470 1085 1512 ferrea
1115 1473 1192 1513 eius
1233 1471 1412 1525 sphaerae

127 1533 328 1574 affinitatis
357 1534 633 1584 immergatur,
663 1542 702 1573 et
735 1536 784 1573 ita
836 1533 955 1574 subito
1012 1536 1133 1588 potest
1183 1535 1412 1578 electi-initas

125 1595 237 1638 oriri.
304 1595 391 1636 Hoc
425 1594 550 1649 posito
581 1588 621 1636 si'
641 1598 809 1637 medium
843 1597 896 1638 est
930 1596 1065 1639 slccum
1112 1608 1149 1639 et
1189 1602 1411 1653 originariae

127 1658 381 1701 elee‘tricitatis
401 1691 411 1710 ,
445 1661 546 1712 quod
581 1669 712 1701 catena
745 1661 1025 1703 eleetrificanda
1060 1663 1267 1717 contingit,
1287 1663 1410 1717 potest

126 1723 352 1764 electricitas
388 1735 455 1776 per
486 1722 637 1778 aliquod
670 1727 856 1779 temporis
887 1726 1045 1780 spatium
1081 1728 1120 1766 in
1172 1728 1303 1767 eadem
1347 1728 1411 1766 in·

130 1787 296 1830 tensione
329 1786 529 1839 persistere.
595 1788 739 1844 Quodsi
773 1800 867 1829 vero
898 1790 1064 1830 medium
1107 1789 1159 1830 est
1178 1790 1376 1830 humidum
1397 1822 1409 1842 ,

132 1851 255 1892 etita
287 1850 562 1904 adpropinquat
612 1852 656 1893 ad
709 1853 876 1893 indolem
925 1864 1130 1906 corporum
1185 1854 1411 1895 deriuatiuae

133 1914 389 1956 electricitatis
410 1940 420 1962 ,
452 1911 602 1967 possunt
630 1915 843 1956 fiilcimenta
861 1926 1012 1957 catenae
1039 1916 1147 1958 fiicile
1167 1916 1377 1959 humectari
1399 1949 1411 1970 ,

133 1988 172 2020 et
206 1979 255 2017 ita
291 1985 373 2017 tota
425 1988 553 2017 catena
603 1978 703 2019 breui
732 1980 770 2019 in
803 1992 941 2034 corpus
980 1981 1208 2022 deriuatiuae
1251 1980 1405 2022 eleari-

133 2042 254 2083 citatis
287 2041 482 2082 infinitum
515 2042 680 2095 mutari3
715 2045 818 2086 vnde
851 2056 931 2085 non
963 2045 1108 2086 mirum
1129 2077 1140 2097 ‚
1191 2044 1217 2087 fi
1257 2044 1410 2085 electri-

130 2106 224 2148 citas
256 2113 412 2147 catenae
445 2104 563 2146 subito
594 2104 781 2146 decrescit.
845 2107 972 2150 Potest
1003 2120 1098 2152 vero
1129 2109 1246 2152 etiam
1290 2109 1410 2149 radius

699 2168 735 2211 V
768 2181 795 2211 v
833 2183 858 2213 ι
1272 2171 1408 2226 sphae-
