2013 2703
575 171 663 219 3⁶0
717 169 804 212 DE
843 165 1289 212 COHAESIONE
1321 165 1727 211 SOLIDORVM

567 286 855 342 longitudinales
893 280 1264 337 comprimentibus,
1308 282 1549 336 superstructa
1577 319 1588 337 ,
1619 287 1670 326 ob
1705 288 1848 328 illarum

571 352 790 392 absentiam.
844 348 1002 389 Addunt
1035 348 1187 401 quidem
1222 348 1259 386 in
1294 358 1370 386 arte
1405 348 1566 388 celebres
1597 350 1709 401 Viri,
1744 362 1849 404 parc-

570 426 608 453 re
663 414 814 452 eaedem
875 412 1045 452 neruosas
1098 423 1149 451 ex
1218 411 1546 451 demonstratione
1603 416 1815 454 anatomica
1835 445 1847 466 ‚

567 477 628 516 sed
664 477 782 530 qualis
816 476 873 516 illa
906 476 1002 516 foret
1041 507 1052 525 ,
1098 487 1173 514 non
1219 476 1402 526 percipio.
1468 474 1846 517 Demonstrationem

567 541 848 581 Anatomicam
885 551 981 592 puto
1015 538 1316 578 mathematicae
1351 538 1508 579 similem
1533 572 1545 590 ,
1573 553 1642 591 qua
1663 551 1765 578 mens
1783 552 1851 591 per

565 604 682 644 senius
712 614 921 657 corporeos
952 615 1031 642 rem
1063 602 1361 642 demonstmtam
1398 603 1448 641 ita
1471 605 1629 656 percipit
1650 633 1660 651 ‚
1694 614 1736 641 vt
1757 603 1849 642 uuila

563 669 613 708 de
648 668 811 720 yeritate
845 670 922 707 eius
950 677 988 706 et
1025 667 1254 713 existentia,
1292 667 1343 704 vti
1379 665 1581 710 definitur.
1617 667 1849 719 superfitdu-

561 731 710 772 bitatio.
780 731 852 772 Per
895 731 1010 771 talem
1053 730 1078 770 si
1125 730 1351 770 exlizbentur
1383 730 1499 769 fibrae
1534 732 1568 769 iu
1607 730 1781 770 musculis
1814 739 1851 769 et

560 795 826 843 membranis,
863 794 962 834 funis
995 795 1102 833 instar
1136 796 1232 833 inter
1267 793 1300 831 i'e
1333 793 1525 845 intortae,
1564 795 1624 833 vel
1644 793 1822 833 nernome
1842 826 1851 843 ,

560 871 656 912 quae
688 859 981 910 longitudinales
1013 871 1163 898 carneas
1197 857 1371 908 obliquae
1407 856 1469 896 vel
1504 857 1724 897 transuersae
1762 870 1850 897 am·

560 922 699 973 biunt,
733 931 794 961 aut
827 923 978 962 easdem
1013 920 1201 961 dccuffant
1236 951 1248 970 ‚
1289 921 1451 973 denique
1486 920 1511 960 si
1541 921 1773 961 elucidantur
1805 920 1849 961 si-

557 987 668 1028 miles
702 985 798 1024 inter
832 985 898 1024 has
932 987 980 1024 ita
1013 985 1208 1024 decurrere
1248 1016 1259 1035 ,
1310 993 1354 1022 vt
1390 985 1614 1023 intettextae
1644 983 1848 1024 reticulum

554 1049 723 1089 forment
761 1078 772 1096 ,
823 1048 968 1087 labores
1010 1058 1122 1087 meos
1167 1057 1222 1085 tot
1255 1045 1441 1086 annorum
1477 1048 1514 1087 in
1545 1047 1602 1087 his
1631 1047 1850 1087 frustraneos

558 1112 800 1165 perditosque
836 1110 914 1162 ipse
946 1109 1214 1164 pronunciabo
1234 1142 1244 1160 ,
1277 1120 1318 1149 et
1340 1110 1471 1150 lubens
1488 1111 1736 1164 candidasque
1756 1122 1850 1150 mu-

557 1176 647 1215 tabo
675 1174 901 1214 sententiam
923 1206 934 1224 ,
967 1186 1084 1227 quam
1118 1172 1429 1226 simplicissimam
1460 1174 1653 1227 exposui,
1680 1173 1846 1227 fimplici

557 1240 709 1294 quidem
732 1269 743 1287 ,
775 1237 835 1276 sed
868 1238 953 1276 ideo
983 1238 1021 1276 in
1057 1237 1198 1276 vltimis
1224 1237 1397 1277 obscurae
1418 1271 1429 1289 ,
1458 1239 1622 1291 partium
1645 1238 1845 1278 structurae

557 1303 734 1343 maxime
769 1312 979 1353 congruam
1020 1331 1030 1348 ‚
1085 1301 1254 1352 adeoque
1305 1303 1458 1340 veritati
1505 1303 1731 1353 proximam
1754 1299 1841 1354 (a).

557 1365 618 1408 Sit
652 1365 777 1405 modo
808 1363 890 1403 talis
929 1363 1201 1402 demonstratio
1243 1365 1280 1402 in
1322 1363 1396 1415 iplh
1440 1365 1611 1414 corporis
1647 1363 1838 1411 humani,

554 1429 620 1470 vel
657 1429 911 1480 cuiuscunque
961 1425 1161 1476 animalis,
1210 1426 1347 1464 recenti
1402 1427 1461 1463 vel
1506 1435 1582 1464 arte
1615 1434 1840 1477 praeparato

553 1491 723 1534 musculo
757 1500 818 1530 aut
851 1490 1077 1530 membrana
1120 1520 1128 1538 ,
1177 1500 1254 1527 non
1297 1499 1394 1526 vero
1431 1489 1466 1525 in
1502 1489 1619 1527 nitide
1652 1488 1839 1527 delineata

551 1556 671 1611 figura
692 1588 703 1607 ,
736 1563 854 1608 prout
887 1553 951 1593 illa
986 1564 1054 1606 per
1084 1551 1254 1604 fingendi
1290 1551 1500 1590 libertatem
1538 1552 1573 1589 in
1593 1550 1838 1590 muleocon—

554 1617 709 1673 cipitur.
777 1617 830 1658 Et
851 1650 861 1668 ‚
893 1614 1064 1670 quaeio?
1099 1615 1186 1668 quid
1219 1614 1286 1654 fiet
1318 1615 1362 1653 de
1395 1612 1495 1652 fibris
1529 1615 1575 1654 ita
1596 1612 1838 1653 fietistrans-

548 1684 671 1734 versu,
692 1683 718 1723 fi
738 1680 902 1722 adessent
919 1714 932 1732 ,
948 1681 1097 1734 quoties
1115 1678 1269 1719 musculi
1289 1676 1459 1717 crastines
1477 1678 1645 1717 notabile
1663 1686 1836 1729 augetur,

544 1754 591 1786 vt
639 1746 686 1787 fit
743 1745 848 1785 breui
919 1745 1023 1796 fiiepe
1093 1744 1286 1796 temporis
1348 1741 1465 1794 spatio
1518 1741 1556 1780 in
1622 1741 1784 1781 homine
1820 1772 1834 1792 ,

544 1823 598 1852 ex
649 1809 856 1850 macilento
924 1808 1044 1848 subito
1096 1806 1212 1846 obeso
1251 1837 1262 1855 ,
1331 1815 1366 1844 ct
1419 1805 1455 1843 iu
1525 1805 1678 1844 animali
1738 1804 1833 1844 intra

543 1885 684 1928 paucos
731 1871 909 1923 menses,
960 1871 1021 1910 vel
1058 1870 1151 1909 intra
1195 1869 1334 1920 aliquot
1372 1868 1448 1906 dies
1483 1901 1493 1918 ,
1527 1869 1582 1907 vti
1628 1868 1665 1906 in
1704 1867 1833 1907 auibus

543 1938 712 1987 obtinet,
729 1936 892 1987 saginato
914 1932 930 1974 ζ
963 1934 1067 1973 Tum
1091 1932 1184 1972 nihil
1204 1944 1252 1971 ex
1275 1932 1507 1984 luperadd‘ito
1525 1932 1720 1984 elongatur
1741 1962 1751 1980 ‚
1773 1929 1832 1969 {cd

542 2001 616 2041 tela
654 1997 819 2040 cellulofii
855 1998 972 2050 magis
1007 1997 1185 2050 impletur
1221 1996 1349 2048 pingui
1385 1995 1595 2048 copiosiore
1628 2004 1668 2033 et
1705 1994 1834 2045 largius

1664 2059 1824 2096 secreto.

542 2155 587 2205 (a)
615 2161 728 2202 Impet.
770 2153 841 2189 Fac.
884 2127 1810 2203 llippocraffl
