2013 2703
141 133 778 181 PROPRIETATVM
810 132 1302 180 SOLIDORVM.
1351 148 1436 189 ¹4³

140 281 200 309 rus
233 266 432 308 hedrarum
467 282 518 307 :z
543 284 571 320 4
593 301 603 319 ,
636 278 674 307 et
707 279 884 308 numerus
915 268 1084 308 acierum
1128 279 1179 306 z
1204 270 1231 305 6
1271 299 1282 319 ,
1335 268 1442 307 cuius

140 331 298 385 duplum
339 345 392 370 12
431 333 493 373 dat
528 345 734 373 nunctum
769 332 987 386 angulorum
1015 331 1215 386 planorum
1237 365 1248 386 ‚
1278 343 1442 386 quorum

142 398 292 437 summa
327 397 487 451 aequalis
521 397 573 436 est
612 403 633 438 S
672 397 816 449 angulis
848 396 975 436 rectis.

263 461 405 502 Sumto
438 461 592 514 quidem
634 461 777 513 puncto
811 472 1034 514 quocunque
1066 461 1160 500 intra
1192 461 1382 511 solidum,
1418 458 1447 500 si

142 523 228 564 inde
265 526 310 565 ad
345 526 506 579 singulos
540 525 696 578 angulos
731 524 865 563 solidos
899 526 1017 563 lineae
1052 525 1176 564 rectae
1195 525 1329 564 ductae
1348 536 1447 564 con-

143 589 331 641 cipiantur
352 623 363 641 ,
396 590 553 629 solidum
588 588 664 627 hoc
701 589 824 626 modo
860 588 897 625 in
933 587 1100 626 totidem
1136 589 1356 640 pyramides
1387 588 1446 627 di-

144 654 323 703 videtur,
355 663 448 706 quot
480 653 561 690 sunt
605 650 742 690 Iicdrae
765 680 776 697 ‚
817 651 961 703 quippe
1003 663 1097 703 quae
1136 651 1301 704 singulae
1343 652 1446 690 bases

142 716 391 770 pyramidum
427 715 654 756 constituent
673 746 684 763 ,
716 714 808 754 dum
845 726 975 754 earum
1009 715 1173 756 vertices
1198 717 1237 756 in
1259 715 1326 756 illo
1345 729 1445 769 pun-

143 782 209 822 &0
243 781 435 820 xniuntur.
501 780 632 833 Atque
669 777 740 818 hae
760 779 978 831 pyramides
998 812 1008 831 ‚
1042 778 1110 820 nifi
1143 779 1214 820 {int
1241 779 1448 833 triangula-

142 858 227 896 res,
261 856 380 897 porro
414 843 520 883 facile
555 844 593 883 in
637 843 880 895 triangulares
919 841 1207 884 dissecabuntur.
1294 843 1447 885 Verum

139 908 203 949 hic
236 908 375 949 modus
408 907 566 948 solidum
602 907 851 961 quodcunque
885 907 922 946 in
957 908 1174 961 pyramides
1207 907 1450 961 triangulares

140 972 348 1013 resoluendi
382 974 430 1013 ad
465 970 635 1026 praesens
665 972 875 1012 institutum
910 984 1048 1025 parum
1070 971 1250 1026 confert3
1287 972 1446 1013 alterum

142 1049 237 1089 ergo
270 1038 434 1076 modum
455 1069 466 1087 ,
497 1048 574 1088 quo
608 1036 767 1088 quoduis
801 1035 958 1076 solidum
1002 1037 1208 1077 resecandis
1250 1036 1445 1078 succeffiue

141 1099 218 1138 eius
259 1098 401 1151 angulis
445 1097 566 1136 solidis
609 1099 764 1137 tandem
806 1100 853 1136 ad
892 1100 1141 1150 pyramidem
1180 1100 1446 1153 triangularem

142 1162 357 1215 redigitur,
394 1161 458 1201 hic
492 1172 688 1214 exponam
720 1193 730 1212 ‚
782 1159 884 1199 vnde
938 1160 1118 1214 deinceps
1170 1162 1447 1205 demonstratio

143 1235 446 1267 memoratarum
481 1225 786 1278 propofiti0num
822 1222 931 1262 facile
996 1225 1293 1266 concinnabitur.

257 1289 400 1330 Similis
434 1298 561 1328 autem
598 1287 695 1326 haec
729 1287 905 1339 operatio
936 1286 989 1326 est
1019 1290 1095 1327 eius
1115 1321 1125 1336 ,
1165 1303 1236 1342 qua
1261 1290 1447 1342 quaelibet

142 1354 259 1408 figura
293 1352 484 1392 rcffilinea
515 1382 526 1400 ,
577 1351 669 1390 dum
714 1351 792 1390 eius
821 1350 947 1403 anguli
981 1350 1174 1392 succeffiue
1208 1353 1445 1407 resecantur,

141 1419 293 1456 tandem
330 1417 368 1455 in
405 1415 638 1467 triangulum
673 1414 793 1467 redigi
822 1413 927 1454 solet.
992 1412 1033 1455 Si
1070 1419 1173 1456 enim
1203 1416 1380 1458 habeatur
1401 1418 1446 1458 fi-

142 1493 232 1535 gura
251 1480 362 1534 plana
381 1490 623 1533 quotcunque
634 1476 892 1519 laterumAB
906 1477 939 1519 C
948 1477 1173 1521 DEFGA
1188 1514 1197 1533 ,
1215 1481 1243 1522 fi
1260 1481 1305 1522 ab
1315 1495 1356 1523 ea
1377 1495 1446 1537 per

140 1545 285 1586 rec‘tam
321 1542 410 1583 CE
447 1543 672 1597 triangulum
705 1541 838 1584 CDE
855 1545 1069 1597 resecetur,
1104 1545 1314 1586 remanebit
1348 1546 1445 1600 figu-

95 1661 98 1663 ,
144 1621 183 1649 ra
218 1604 528 1648 ABCEFGA
551 1640 561 1659 ‚
596 1607 699 1648 cuius
731 1621 906 1648 numerus
937 1609 1162 1663 angulorum
1196 1612 1340 1651 vnit-ate
1375 1613 1445 1652 erit

145 1673 285 1713 minor.
354 1670 394 1712 Si
429 1673 505 1712 iarn
541 1672 667 1712 denuo
700 1673 805 1713 rec'ta
841 1670 916 1713 CF
951 1675 1178 1727 trianguium
1222 1673 1256 1715 C
1268 1675 1294 1715 F
1305 1674 1340 1715 E
1382 1689 1444 1715 re-

142 1738 281 1778 secetur
299 1768 310 1786 ‚
345 1735 464 1788 figura
484 1737 699 1777 remanebit
718 1734 981 1778 ABCFGA
1006 1752 1016 1790 3
1053 1739 1152 1777 vnde
1185 1739 1211 1779 si
1239 1750 1359 1792 porro
1377 1741 1444 1779 tri-

145 1799 323 1853 angulum
357 1797 436 1839 BC
445 1800 474 1840 F
493 1833 504 1852 ,
539 1811 694 1856 tumque
707 1802 937 1855 triangulum
956 1799 1077 1843 BGF
1105 1802 1354 1855 abscindatur,
1380 1814 1442 1844 re-

146 1865 330 1917 linquetur
364 1863 516 1904 tandem
553 1866 782 1920 triangulum
816 1863 962 1908 ABG.

260 1928 324 1968 Ex
369 1926 438 1968 hac
482 1928 706 1971 resolutione
749 1932 853 1973 facile
894 1931 1028 1971 ambae
1064 1931 1263 1984 palmatiae
1304 1931 1443 1985 figura·

147 2003 231 2032 rum
272 1991 468 2045 planarum
511 1997 759 2047 proprietates
797 1996 1131 2037 demonstrantur:
1165 1994 1222 2036 Sit
1255 1997 1360 2036 euim
1397 1995 1439 2035 fi-

147 2068 261 2111 gurae
295 2055 333 2095 A
355 2053 389 2094 Β
410 2053 444 2095 C
463 2054 505 2098 D
526 2057 560 2098 E
579 2058 610 2097 F
635 2055 673 2100 G
713 2073 889 2101 numerus
924 2061 1084 2100 laterum
1120 2072 1174 2098 Ξ
1203 2060 1236 2100 L
1258 2094 1268 2111 ‚
1301 2070 1340 2099 et
1373 2074 1440 2100 nu-

147 2132 272 2163 merus
300 2119 525 2175 angulorum
571 2123 719 2178 :A3
750 2138 794 2166 ac
828 2125 857 2168 fi*
888 2123 1059 2166 ducenda
1092 2124 1194 2166 rcc'ta
1225 2123 1260 2167 C
1289 2125 1325 2166 Ε
1353 2125 1439 2163 inde

1285 2189 1439 2242 angulus

1479 1412 1537 1450 ΤΑ
1547 1428 1572 1451 ι.
1582 1415 1636 1454 111.

1481 1496 1545 1548 Fig
1574 1514 1600 1536 ι.
