2013 2703
556 197 643 235 244
706 166 985 240 ι’Νρνιειτ.
1020 174 1086 218 IN
1113 171 1380 218 Dec-REM.
1417 174 1490 218 ET
1523 164 1769 223 istc-REM.

553 300 735 341 Stzttinum
757 328 767 347 ,
802 294 999 348 plumbum
1021 325 1031 345 ,
1061 292 1322 334 aurichalcum
1358 292 1523 335 similiter
1556 297 1770 337 examinaui
1802 306 1840 336 et

551 364 682 406 similia
717 358 911 399 obieruaui
932 389 942 407 ‚
963 367 1002 396 et
1028 357 1174 409 semper
1192 358 1395 397 discrimen
1417 357 1515 398 inter
1539 360 1706 399 calorem
1727 372 1840 413 aquae

551 422 751 466 ambientis
770 431 808 461 ct
845 422 1010 461 calorem
1044 432 1161 474 aquae
1198 421 1236 461 in
1272 421 1434 461 cauitate
1472 422 1712 462 metallorum
1747 436 1842 463 con·

552 497 675 527 tentae
702 486 812 525 initio
833 518 842 536 ‚
879 486 948 525 vbi
983 484 1088 525 calor
1105 497 1218 538 aquae
1257 485 1462 525 ambientis
1497 495 1577 524 erat
1609 487 1753 525 vicinus
1785 500 1838 540 gr.

554 563 640 589 212
664 583 673 600 ,
692 548 962 589 obseruabatur.
996 547 1225 589 Differentia
1246 547 1339 589 httec
1361 550 1401 588 in
1422 548 1584 588 metallis
1601 549 1746 589 diuersis
1763 554 1841 589 ciat

551 613 690 656 diuerfit
704 646 713 664 ,
734 612 950 653 diuersitatis
970 623 1101 651 tamen
1121 611 1228 652 huius
1248 615 1433 652 rationem
1462 611 1600 653 habere
1621 625 1696 652 non
1718 614 1840 666 potui,

549 680 630 732 quia
642 677 774 731 globos
794 688 904 729 aquae
913 676 1108 716 ebullienti
1127 676 1236 715 simul
1254 677 1466 716 immittere
1487 688 1523 717 et
1541 676 1843 717 Thermomctra

550 742 658 782 simul
696 740 886 779 obseruare
914 752 992 780 non
1019 741 1138 795 potui.
1183 738 1280 780 Huic
1312 741 1415 781 enim
1434 741 1488 781 rei
1523 751 1719 796 apparatus
1738 752 1842 782 meus

549 818 626 847 non
667 802 880 845 sufficiebat.

670 937 701 986 §-
742 946 764 983 3
817 935 976 977 Videtur
1010 935 1149 976 exinde
1185 943 1313 989 patere
1339 968 1348 986 ‚
1381 936 1535 976 metalla
1569 935 1606 973 in
1627 946 1719 987 aqua
1733 932 1842 974 ebul-

550 1000 694 1051 liente,
729 1012 823 1053 quse
859 1000 1020 1038 calorem
1055 999 1208 1038 celerius
1241 999 1506 1038 communicat
1541 1010 1628 1036 cum
1664 999 1749 1035 a'e'tc
1779 996 1842 1036 fti-

551 1063 685 1115 gidiori
728 1061 964 1114 superficiem
998 1061 1229 1112 contingenti
1266 1091 1277 1111 ‚
1329 1060 1445 1113 quam
1490 1073 1581 1101 cum
1624 1060 1843 1113 quibuslibet

550 1124 775 1176 corporibus
810 1123 963 1175 calidis,
997 1124 1129 1176 quibus
1164 1125 1341 1177 contigua
1375 1125 1426 1164 est
1462 1157 1471 1177 ‚
1517 1126 1710 1164 minorem
1744 1124 1845 1163 tem-

550 1189 700 1243 periem
734 1187 869 1227 habere
903 1199 947 1227 ac
981 1199 1071 1241 aqua
1108 1187 1182 1241 ipsa
1218 1188 1402 1228 ambiens.
1439 1180 1448 1188 ⁸
1472 1188 1558 1228 Hoc
1602 1187 1846 1242 phaenome-

551 1265 630 1294 non
663 1251 944 1291 similitudinem
982 1250 1199 1291 habetcum
1221 1251 1496 1304 phaenomeno
1527 1253 1624 1302 isto,
1659 1253 1757 1305 quod
1789 1248 1841 1291 G.

551 1316 602 1358 E.
639 1315 880 1366 Hamberger
909 1313 1077 1365 defi-mbit
1109 1317 1146 1354 in
1181 1315 1378 1356 Elementi5
1399 1312 1482 1368 suis
1519 1313 1628 1368 Phys
1667 1317 1700 1363 §.
1739 1318 1767 1352 6
1777 1329 1790 1353 i
1806 1328 1842 1354 1.

553 1380 630 1420 Ed.
663 1377 730 1418 alt.
765 1377 854 1416 dum
887 1375 1023 1416 scribit.
1059 1377 1252 1417 Peculiare
1288 1389 1426 1430 quoque
1469 1378 1515 1430 est
1540 1377 1812 1430 phaenomenon
1832 1409 1844 1427 ,

553 1442 649 1498 quod
667 1440 808 1496 fundus
841 1438 952 1480 aheni
973 1472 983 1491 ‚
1018 1442 1056 1480 in
1090 1451 1158 1493 quo
1190 1452 1290 1494 aqua
1321 1438 1467 1489 ebullit,
1486 1441 1528 1493 st
1545 1439 1701 1480 ahenum
1722 1435 1842 1492 subito

552 1506 603 1547 ab
636 1508 718 1559 igne
751 1504 953 1557 auferatur
972 1537 982 1554 ,
1013 1504 1157 1544 tamdiu
1190 1502 1319 1543 nullum
1340 1501 1541 1556 Jerfibilem
1584 1501 1719 1543 caloris
1744 1515 1843 1553 gra-

553 1569 637 1610 dum
665 1568 844 1624 poffideat
863 1601 874 1619 ‚
908 1567 1081 1621 quamdiu
1115 1579 1212 1622 aqua
1245 1565 1365 1606 ebullit
1394 1598 1404 1616 ,
1445 1577 1486 1605 eo
1520 1573 1690 1606 momento
1723 1577 1812 1606 vero
1832 1598 1842 1617 ‚

554 1646 623 1689 quo
653 1632 809 1675 ebullitio
840 1643 962 1686 aquae
995 1630 1103 1686 ciffat
1122 1663 1133 1683 ‚
1173 1631 1339 1687 infignem
1371 1630 1544 1684 acquirat
1584 1629 1750 1670 calorem.

695 1762 729 1810 §-
774 1774 815 1811 4.
859 1757 1034 1800 Subnasci
1080 1759 1222 1813 poterit
1264 1759 1361 1798 circa
1403 1757 1507 1810 Exp.
1550 1755 1584 1796 I.
1628 1757 1841 1810 cogitatio:

597 1825 639 1882 1)
659 1825 815 1879 Aquam
836 1824 951 1876 ipsam
975 1835 1164 1876 nunquam
1193 1821 1290 1862 forte
1310 1821 1442 1862 caloris
1465 1832 1548 1859 212
1569 1833 1625 1873 gr.
1661 1831 1843 1872 capacem

619 1889 705 1940 esse,
725 1888 783 1928 sed
803 1887 1150 1927 Thermometrum
1167 1888 1189 1925 'a
1200 1885 1388 1939 superfluis
1407 1896 1457 1925 cx
1476 1897 1569 1938 aqua
1588 1883 1844 1923 adlccndenti-

621 1953 689 1992 bus
721 1951 911 2004 particulis
942 1950 1061 2002 igneis
1105 1948 1205 1989 affici
1257 1950 1305 1989 ita
1328 1980 1338 1998 ‚
1374 1958 1417 1988 vt
1449 1957 1647 2001 argentum
1683 1948 1841 1997 viuum,

622 2014 726 2068 quod
771 2013 925 2055 maioris
965 2012 1099 2054 caloris
1131 2025 1250 2069 capax
1285 2013 1359 2067 cst,
1392 2024 1435 2054 ac
1469 2023 1584 2067 aqua,
1621 2009 1842 2053 adscendere

622 2076 733 2132 poffit
764 2078 809 2118 ad
843 2090 887 2132 gr
922 2089 1022 2116 212.

1801 2197 1844 2254 ²)
