2013 2703
274 159 382 222 ,QVI
411 156 567 202 SVNT
595 154 841 205 AGGREG.
862 151 1282 216 WORQVADR.
1376 154 1438 205 ,εἰ

135 301 316 330 numerus
349 289 564 344 propositus
585 288 662 343 ipse
694 288 736 330 sit
767 286 988 342 quadratum
1007 316 1020 339 ,
1052 283 1112 329 seu
1128 298 1185 328 z:
1203 300 1230 330 a
1246 300 1274 331 a
1290 293 1358 337 -4-
1376 298 1406 332 0
1426 320 1438 343 ,

136 363 221 395 tum
255 367 362 396 emm
397 358 594 398 diuisorem
630 353 783 395 habebit
814 366 853 394 a.

527 479 1052 524 SCHOLION.

256 580 291 629 ξ.
329 592 402 630 39.
438 578 543 620 Haec
560 578 686 633 regula
720 588 900 618 numeros
917 577 1062 630 primos
1096 576 1325 630 explorandi
1364 590 1448 622 tan·

143 653 226 683 tum
263 643 309 684 nd
342 654 520 683 numeros
551 643 718 696 impares
735 639 884 681 formae
905 648 1059 689 4n-k-
1088 653 1105 679 1
1159 641 1211 681 est
1246 642 1416 685 adstricta
1436 678 1449 698 ‚

140 708 286 748 numeri
319 707 424 745 enim
462 717 567 759 pares
598 706 823 760 quandoque
853 706 968 744 vnico
1001 704 1124 744 modo
1157 704 1196 745 in
1230 704 1308 745 duo
1357 721 1444 762 qua.

141 772 245 812 drzita
285 768 417 810 resolui
458 767 641 823 possunt,
680 782 770 810 cum
806 780 933 809 tamen
975 781 1055 808 non
1090 767 1159 809 smt
1202 769 1353 825 primi·,
1396 774 1449 814 ita

146 846 199 873 10
242 834 356 874 vnico
388 834 510 874 modo
550 833 605 874 est
645 833 793 874 summa
834 835 997 874 duorum
1039 832 1306 886 quadratorum
1328 867 1339 886 ,
1388 837 1455 879 etsi

141 911 221 939 non
253 898 306 938 est
338 898 512 952 primuS,
544 899 650 939 cuius
685 898 740 937 rei
782 899 878 938 ratio
919 896 972 937 est
993 927 1004 948 ‚
1038 898 1139 950 quod
1173 896 1214 938 in
1264 900 1455 952 produc‘to

143 961 333 1017 (aa-l·
380 959 591 1016 bb)(cc
633 969 699 1009 -3—
737 960 871 1017 dd),
925 960 985 1001 cui
1037 959 1253 1002 huiusmodi
1307 966 1455 1006 numeri

145 1035 352 1078 aequantur
372 1057 382 1075 ,
416 1025 468 1065 est
501 1027 564 1066 vel
596 1039 622 1066 a
642 1039 696 1066 :z
717 1026 740 1066 b
774 1026 837 1066 vel
867 1038 889 1066 c
907 1038 960 1065 z
979 1024 1009 1065 d
1025 1056 1036 1076 ‚
1066 1038 1144 1080 quo
1185 1024 1265 1066 casu
1311 1027 1457 1082 duplex

144 1087 321 1128 resolutio
341 1120 351 1137 ,
380 1099 473 1139 quae
507 1090 712 1139 generatim
746 1090 851 1129 innui
887 1090 1035 1129 videtur
1056 1121 1067 1140 ,
1101 1089 1146 1130 ad
1165 1102 1281 1130 vnam
1332 1093 1456 1145 redit,

149 1152 204 1190 vti
240 1152 277 1189 in
310 1149 627 1189 demonstratione
663 1151 715 1189 est
748 1151 1042 1190 animaduersum
1066 1182 1075 1190 .
1110 1152 1249 1205 Neque
1268 1165 1362 1194 vero
1388 1156 1458 1198 hac

153 1214 383 1267 exceptione
451 1212 574 1265 regula
626 1215 710 1254 data
769 1213 1012 1266 infringitur,
1061 1226 1152 1254 cum
1209 1227 1458 1260 numerorum

148 1278 295 1331 parium
329 1288 401 1329 per
431 1275 466 1315 se
497 1274 605 1315 facile
636 1276 678 1316 fit
711 1277 904 1316 iudicium.
943 1277 1108 1317 Numeri
1137 1288 1261 1318 autem
1295 1280 1460 1335 impares

145 1341 293 1381 alterius
324 1338 467 1379 formae
499 1353 528 1389 4
546 1351 569 1378 n
588 1361 630 1367 —-
653 1353 670 1379 1
698 1339 790 1379 hinc
810 1339 943 1394 sponte
963 1341 1232 1393 excluduntur,
1282 1347 1458 1395 quoniam

150 1403 175 1443 ii
210 1403 320 1457 plane
353 1414 429 1442 non
467 1403 503 1442 in
536 1402 614 1443 duo
649 1404 824 1457 quadrata
865 1404 944 1444 sunt
984 1404 1200 1444 resolubilis.
1241 1404 1306 1446 De
1331 1419 1460 1450 cetero

149 1467 178 1507 fi
211 1478 388 1506 numerus
419 1480 449 1517 4
468 1478 490 1506 n
510 1473 574 1512 -÷-
600 1480 618 1506 1
660 1470 720 1508 vel
755 1468 867 1521 plane
899 1480 971 1507 non
1008 1468 1209 1510 resolubilis
1236 1470 1279 1511 fit
1314 1471 1351 1511 in
1386 1474 1462 1514 duo

149 1530 355 1585 quadrata,
389 1529 457 1570 vel
504 1530 672 1584 pluribus
716 1533 846 1573 modis
886 1531 980 1572 haec
1023 1532 1199 1573 resolutio
1245 1533 1414 1577 succedat
1450 1569 1461 1589 ,

154 1606 226 1648 pro
246 1595 356 1647 priori
386 1593 466 1634 casu
500 1595 575 1635 iam
612 1596 828 1637 notauirnus
848 1628 858 1648 ‚
893 1608 982 1636 eum
1003 1609 1205 1637 numerum
1241 1609 1343 1638 certe
1385 1613 1464 1641 non

153 1657 229 1697 effe
265 1657 434 1711 primum
457 1689 468 1708 ‚
508 1659 576 1699 etsi
610 1659 685 1699 hoc
730 1660 860 1701 nititur
900 1661 1011 1714 Prop.
1057 1668 1192 1715 praec.
1250 1675 1328 1702 non
1380 1666 1463 1704 satis

153 1721 271 1775 rigide
303 1721 571 1764 demonstrata.
630 1723 703 1764 Pro
731 1724 811 1764 casii
865 1737 958 1764 vcro
990 1726 1185 1778 posteriori
1226 1727 1263 1766 in
1298 1726 1464 1782 sequenti

156 1785 414 1840 propositione
446 1786 623 1827 iudicium
659 1788 843 1829 afferetur.

389 1913 1216 1959 PROP051T10.v11.

294 2012 325 2060 ξ.
371 2023 448 2060 40.
477 2011 558 2069 Qui
590 2024 756 2054 numerus
787 2013 918 2054 duobus
948 2013 1160 2069 pluribusne
1200 2015 1349 2071 diuetfis
1390 2032 1464 2060 mo·

152 2075 213 2116 dfs
254 2075 290 2115 in
332 2073 400 2113 duo
440 2075 631 2128 quadrata
669 2073 794 2130 resolui
830 2078 942 2134 potest
972 2111 981 2128 ,
1020 2077 1076 2118 ille
1112 2091 1176 2118 non
1211 2080 1258 2134 est
1287 2084 1432 2134 primus
1452 2115 1464 2135 ,

136 2135 213 2194 Jed
242 2151 291 2180 ex
322 2137 457 2180 duobus
500 2138 555 2179 ad
583 2142 764 2181 minimum
788 2139 1006 2195 fusioribus
1038 2143 1253 2198 compofitus.

747 2201 790 2244 D
821 2215 844 2252 3
1363 2206 1462 2248 DE-
