2013 2703
1087 146 1126 198 ><
1156 154 1214 196 48
1249 146 1284 199 )(

538 273 643 316 abest
662 306 673 326 ‚
707 279 776 326 vt,
813 273 915 328 quod
950 269 1189 315 SarrazInus
1229 272 1443 315 autumauit
1462 305 1473 327 ,
1505 275 1608 316 odor
1639 275 1854 320 moschicus

541 352 597 380 cx
631 339 707 378 hoc
741 338 845 378 vic‘tu
879 339 1030 378 oriatur.
1094 337 1244 378 Falsum
1278 351 1426 391 quoque
1447 368 1458 389 ‚
1500 339 1588 380 illos
1623 342 1682 381 sub
1726 352 1854 394 terra,

539 403 725 458 talparum
762 415 874 443 more
893 434 905 453 ‚
925 401 1114 441 cuniculos
1131 413 1256 453 agere.
1307 401 1444 456 Neque
1462 416 1560 457 opus
1577 405 1629 445 est
1645 406 1822 446 cuniculis
1842 435 1856 458 ,

539 479 627 507 cum
650 479 727 506 nou
745 478 794 506 ex
821 465 1010 505 radicibus
1033 465 1161 504 viuaut
1183 495 1195 516 ‚
1217 464 1276 505 sed
1293 477 1345 505 ex
1372 465 1551 518 piscibus,
1571 482 1736 522 quorum
1791 481 1858 510 ca.

540 541 673 585 pturue
693 530 804 569 vnice
821 529 939 569 dediti
958 528 1057 579 lunt,
1075 530 1184 581 eique
1201 531 1312 568 omni
1333 530 1420 569 anui
1440 540 1622 584 tempore
1642 534 1852 586 indulgent.

540 594 629 635 Hoc
647 593 784 634 exinde
804 602 932 646 patet,
951 591 1037 645 quia
1058 604 1131 632 vna
1150 604 1239 632 cum
1268 591 1426 645 piscibus
1444 592 1597 647 semper
1615 595 1692 635 fere
1725 598 1763 635 in
1797 609 1860 636 rc-

539 659 593 698 tia
624 657 850 712 piscatorum
886 667 924 696 et
956 658 996 695 in
1031 656 1103 696 alia
1138 655 1382 696 instrumenta
1417 656 1623 709 piscaturae
1654 659 1858 699 inseruien-

539 724 589 762 tia
625 722 823 772 inciduut3
858 719 948 760 sicut
981 719 1142 759 viciffim
1177 719 1253 772 ipsi.
1281 733 1302 759 a
1345 719 1501 773 piscibus
1542 722 1748 762 maioribus
1788 722 1860 762 de-

537 785 748 839 glutiuntur
770 792 842 834 ‚vt
878 784 916 823 in
944 779 1072 823 Siluris
1090 793 1129 823 et
1171 781 1382 833 Luciis,ad
1418 781 1629 824 Silurorum
1662 787 1859 840 magnitu-

537 851 666 890 dinem
709 848 934 902 quaudoque
985 846 1305 899 excrescentibus,
1340 846 1484 900 saepius
1513 849 1750 890 obseruatum
1785 849 1856 889 cst.

539 911 646 954 Cum
689 913 732 952 in
762 912 860 952 ficco
900 921 991 952 raro
1033 912 1300 965 reperiantur,
1353 911 1491 951 modus
1541 913 1631 952 alius
1679 912 1855 966 capiendi

538 977 647 1028 illos,
680 986 828 1030 praeter
877 976 1096 1030 piscaturam
1119 1008 1129 1027 ‚
1181 988 1257 1014 non
1295 974 1360 1014 est.
1426 974 1579 1015 Praeter
1619 976 1759 1028 pellem
1814 984 1854 1014 ct

539 1041 703 1081 caudam
740 1039 834 1079 nihil
855 1070 866 1091 ‚
901 1040 1000 1092 quod
1034 1039 1073 1078 in
1109 1037 1215 1078 vsum
1251 1038 1373 1078 cedat.
1443 1036 1544 1078 Caro
1578 1051 1699 1093 neque
1733 1052 1753 1079 a
1774 1040 1810 1077 T
1813 1051 1856 1078 a-

539 1105 656 1156 tatis,
691 1115 810 1158 neque
842 1115 864 1143 a
900 1100 1115 1144 Calmuccis
1135 1134 1147 1153 ‚
1181 1103 1308 1142 omnis
1324 1103 1472 1154 generis
1490 1104 1624 1143 fercula
1645 1103 1855 1143 indistinete

537 1178 730 1210 caeterum
771 1167 1073 1220 appetentibus,
1125 1166 1353 1205 comeditur.
1424 1163 1516 1205 Imo
1551 1165 1709 1216 Lucius,
1753 1167 1858 1219 post-

536 1245 653 1286 quam
692 1243 841 1271 murem
876 1229 1152 1269 moschiferum
1190 1228 1396 1279 deglutiit,
1432 1228 1632 1278 abutitur,
1665 1230 1717 1268 ob
1752 1229 1860 1270 diffi-

537 1297 655 1336 cilem
687 1294 849 1333 odorem
871 1323 882 1341 ‚
926 1291 995 1345 ipsi
1030 1292 1077 1331 ab
1108 1291 1179 1330 hac
1211 1290 1291 1330 esca
1342 1290 1689 1330 communicatum.
1760 1291 1856 1332 Fru-

537 1355 794 1413 grantiss'imus
828 1355 926 1395 odor
961 1357 999 1394 in
1041 1355 1157 1394 cauda
1200 1353 1334 1394 residet
1357 1385 1367 1404 ‚
1407 1365 1519 1407 quum
1562 1354 1650 1395 ideo
1691 1354 1856 1407 piscato-

536 1436 624 1464 rum
658 1433 737 1461 non
772 1418 867 1458 nulli
913 1418 1030 1459 solum
1077 1420 1271 1469 resecant,
1315 1429 1353 1458 ct
1403 1417 1547 1472 pellem
1581 1418 1634 1458 ob
1668 1418 1853 1471 laborem,

537 1487 648 1528 illam
691 1482 945 1534 detrahendi,
990 1482 1115 1523 miuus
1147 1490 1298 1522 curant.
1365 1481 1555 1535 Vtraque,
1591 1491 1627 1521 ct
1665 1482 1776 1534 pellis
1816 1491 1857 1524 et

537 1551 675 1601 cauda,
711 1547 845 1588 blattas
873 1547 991 1588 odore
1024 1547 1086 1587 suo
1129 1546 1256 1598 fugare
1290 1545 1439 1586 dicitur.
1508 1545 1610 1586 Hinc
1644 1545 1719 1597 est,
1753 1546 1857 1600 quod

539 1627 630 1656 cum
666 1611 902 1652 vestimentis
935 1611 1199 1651 communiter
1234 1621 1466 1663 reponuntur
1510 1610 1550 1650 iu
1582 1609 1707 1660 cistiq,
1750 1620 1789 1650 ct
1831 1623 1854 1651 a

540 1676 773 1732 pellionibus
837 1676 1001 1716 aliorum
1063 1674 1292 1715 animalium
1354 1674 1516 1728 pellibus
1574 1672 1848 1725 adpcnduntur.

538 1739 669 1791 Sunt,
719 1739 783 1793 qui
820 1737 966 1781 frustula
1007 1739 1110 1793 pellis
1154 1738 1313 1779 fimbriis
1351 1739 1510 1779 vestium
1551 1737 1758 1787 intexunt,
1811 1745 1854 1777 vt

539 1806 588 1846 ab
622 1803 716 1845 aeris
735 1803 945 1857 pestilentia
977 1813 1014 1844 et
1046 1817 1065 1844 a
1085 1803 1249 1844 febribus
1284 1801 1351 1841 tuti
1380 1810 1575 1843 maneant.
1640 1800 1854 1854 Orcnburgi

539 1868 660 1925 pelles
712 1867 854 1907 duabus
910 1868 1061 1920 copecis
1111 1877 1150 1907 et
1209 1865 1410 1908 caudarum
1471 1874 1619 1906 centum
1687 1876 1733 1913 15
1789 1872 1853 1906 aut

548 1944 607 1973 20
643 1931 797 1986 copecis
829 1930 1055 1972 venduntur.

670 2062 863 2103 Hactenus
879 2063 1067 2103 notitiaea
1085 2059 1320 2113 Rufi-Menenio
1330 2061 1380 2100 V.
1392 2058 1567 2113 Ampliff.
1588 2053 1850 2111 suppeditante,

547 2137 600 2168 ex
617 2127 747 2180 quibus
780 2125 926 2167 abunde
945 2134 1074 2183 patet,
1095 2124 1306 2168 notabilem
1332 2125 1404 2167 effe
1423 2137 1577 2166 motum
1594 2118 1851 2162 diuersit.itcm

1751 2192 1854 2224 mter
