<?xml version="1.0" encoding="UTF-8"?>
<!DOCTYPE html PUBLIC "-//W3C//DTD XHTML 1.0 Transitional//EN"
    "http://www.w3.org/TR/xhtml1/DTD/xhtml1-transitional.dtd">
<html xmlns="http://www.w3.org/1999/xhtml" xml:lang="en" lang="en">
 <head>
  <title>
</title>
<meta http-equiv="Content-Type" content="text/html;charset=utf-8" />
  <meta name='ocr-system' content='tesseract 3.04.00' />
  <meta name='ocr-capabilities' content='ocr_page ocr_carea ocr_par ocr_line ocrx_word'/>
</head>
<body>
  <div class='ocr_page' id='page_1' title='image "./novicommentariac04impe_0209.png"; bbox 0 0 2013 2703; ppageno 0'>
   <div class='ocr_carea' id='block_1_1' title="bbox 285 170 1448 230">
    <p class='ocr_par' dir='ltr' id='par_1_1' title="bbox 285 170 1448 230">
     <span class='ocr_line' id='line_1_1' title="bbox 285 170 1448 230; baseline -0.001 -10"><span class='ocrx_word' id='word_1_1' title='bbox 285 170 774 220; x_wconf 80' lang='lat' dir='ltr'><em>DOCTRINAE</em></span> <span class='ocrx_word' id='word_1_2' title='bbox 821 174 1320 220; x_wconf 72' lang='lat' dir='ltr'><em>SOLIDORVM.</em></span> <span class='ocrx_word' id='word_1_3' title='bbox 1361 189 1448 230; x_wconf 76' lang='lat'>139</span> 
     </span>
    </p>
   </div>
   <div class='ocr_carea' id='block_1_2' title="bbox 148 307 1451 426">
    <p class='ocr_par' dir='ltr' id='par_1_2' title="bbox 148 307 1451 426">
     <span class='ocr_line' id='line_1_2' title="bbox 148 307 1451 362; baseline 0.001 -14"><span class='ocrx_word' id='word_1_4' title='bbox 148 307 383 361; x_wconf 76' lang='lat' dir='ltr'>triangularis</span> <span class='ocrx_word' id='word_1_5' title='bbox 412 307 629 359; x_wconf 75' lang='lat' dir='ltr'>geminata,</span> <span class='ocrx_word' id='word_1_6' title='bbox 679 307 735 347; x_wconf 86' lang='lat' dir='ltr'>seu</span> <span class='ocrx_word' id='word_1_7' title='bbox 784 308 854 347; x_wconf 86' lang='lat' dir='ltr'>erit</span> <span class='ocrx_word' id='word_1_8' title='bbox 903 320 952 348; x_wconf 80' lang='lat' dir='ltr'>ex</span> <span class='ocrx_word' id='word_1_9' title='bbox 1001 308 1141 348; x_wconf 81' lang='lat' dir='ltr'>duabus</span> <span class='ocrx_word' id='word_1_10' title='bbox 1192 307 1451 362; x_wconf 80' lang='lat' dir='ltr'>pyramidibus</span> 
     </span>
     <span class='ocr_line' id='line_1_3' title="bbox 152 370 1157 426; baseline -0.002 -13"><span class='ocrx_word' id='word_1_11' title='bbox 152 371 354 413; x_wconf 86' lang='lat' dir='ltr'>secundum</span> <span class='ocrx_word' id='word_1_12' title='bbox 390 370 488 411; x_wconf 73' lang='lat' dir='ltr'>hules</span> <span class='ocrx_word' id='word_1_13' title='bbox 522 371 689 424; x_wconf 76' lang='lat' dir='ltr'>aequales</span> <span class='ocrx_word' id='word_1_14' title='bbox 721 372 855 412; x_wconf 63' lang='lat' dir='ltr'>iunctis</span> <span class='ocrx_word' id='word_1_15' title='bbox 885 372 1157 426; x_wconf 83' lang='lat' dir='ltr'>compositum.</span> 
     </span>
    </p>
   </div>
   <div class='ocr_carea' id='block_1_3' title="bbox 544 497 1061 548">
    <p class='ocr_par' dir='ltr' id='par_1_3' title="bbox 544 497 1061 548">
     <span class='ocr_line' id='line_1_4' title="bbox 544 497 1061 548; baseline -0.004 -8"><span class='ocrx_word' id='word_1_16' title='bbox 544 497 945 540; x_wconf 84' lang='lat' dir='ltr'><strong>COROLL.</strong></span> <span class='ocrx_word' id='word_1_17' title='bbox 1022 511 1061 548; x_wconf 82' lang='grc' dir='ltr'>ς.</span> 
     </span>
    </p>
   </div>
   <div class='ocr_carea' id='block_1_4' title="bbox 140 595 1453 968">
    <p class='ocr_par' dir='ltr' id='par_1_4' title="bbox 140 595 1453 968">
     <span class='ocr_line' id='line_1_5' title="bbox 263 595 1450 652; baseline 0.002 -15"><span class='ocrx_word' id='word_1_18' title='bbox 263 599 298 646; x_wconf 87' lang='lat'>§.</span> <span class='ocrx_word' id='word_1_19' title='bbox 335 601 408 646; x_wconf 81' lang='lat'>64.</span> <span class='ocrx_word' id='word_1_20' title='bbox 442 597 631 652; x_wconf 74' lang='lat' dir='ltr'>Quartum</span> <span class='ocrx_word' id='word_1_21' title='bbox 667 607 781 646; x_wconf 65' lang='lat' dir='ltr'>genus</span> <span class='ocrx_word' id='word_1_22' title='bbox 814 595 952 646; x_wconf 75' lang='lat' dir='ltr'>pariter</span> <span class='ocrx_word' id='word_1_23' title='bbox 984 595 1139 636; x_wconf 87' lang='lat' dir='ltr'>vnicam</span> <span class='ocrx_word' id='word_1_24' title='bbox 1176 597 1338 649; x_wconf 82' lang='lat' dir='ltr'>speciem</span> <span class='ocrx_word' id='word_1_25' title='bbox 1357 612 1450 640; x_wconf 83' lang='lat' dir='ltr'>con-</span> 
     </span>
     <span class='ocr_line' id='line_1_6' title="bbox 140 658 1452 716; baseline -0.001 -12"><span class='ocrx_word' id='word_1_26' title='bbox 140 665 238 704; x_wconf 83' lang='lat' dir='ltr'>tinet</span> <span class='ocrx_word' id='word_1_27' title='bbox 275 663 388 702; x_wconf 83' lang='lat' dir='ltr'>tribus</span> <span class='ocrx_word' id='word_1_28' title='bbox 423 658 674 712; x_wconf 65' lang='lat' dir='ltr'>quadrilateris</span> <span class='ocrx_word' id='word_1_29' title='bbox 694 689 704 707; x_wconf 91' lang='lat'>,</span> <span class='ocrx_word' id='word_1_30' title='bbox 754 668 792 697; x_wconf 87' lang='lat' dir='ltr'>ct</span> <span class='ocrx_word' id='word_1_31' title='bbox 822 658 964 698; x_wconf 80' lang='lat' dir='ltr'>duobus</span> <span class='ocrx_word' id='word_1_32' title='bbox 998 660 1187 713; x_wconf 76' lang='lat' dir='ltr'>triangulis</span> <span class='ocrx_word' id='word_1_33' title='bbox 1240 662 1418 703; x_wconf 72' lang='lat' dir='ltr'>incluffim</span> <span class='ocrx_word' id='word_1_34' title='bbox 1442 698 1452 716; x_wconf 58' lang='lat'><em>7</em></span> 
     </span>
     <span class='ocr_line' id='line_1_7' title="bbox 147 721 1452 782; baseline -0.001 -13"><span class='ocrx_word' id='word_1_35' title='bbox 147 741 243 782; x_wconf 75' lang='lat' dir='ltr'>quae</span> <span class='ocrx_word' id='word_1_36' title='bbox 277 726 417 779; x_wconf 73' lang='lat' dir='ltr'>prisma</span> <span class='ocrx_word' id='word_1_37' title='bbox 452 722 672 774; x_wconf 73' lang='lat' dir='ltr'>triangulare</span> <span class='ocrx_word' id='word_1_38' title='bbox 707 732 875 761; x_wconf 81' lang='lat' dir='ltr'>vocatur.</span> <span class='ocrx_word' id='word_1_39' title='bbox 910 721 1108 777; x_wconf 73' lang='lat' dir='ltr'>Sequentia</span> <span class='ocrx_word' id='word_1_40' title='bbox 1128 738 1263 777; x_wconf 75' lang='lat' dir='ltr'>genera</span> <span class='ocrx_word' id='word_1_41' title='bbox 1283 726 1452 779; x_wconf 83' lang='lat' dir='ltr'>plerum-</span> 
     </span>
     <span class='ocr_line' id='line_1_8' title="bbox 147 785 1453 845; baseline 0 -14"><span class='ocrx_word' id='word_1_42' title='bbox 147 805 221 845; x_wconf 90' lang='lat' dir='ltr'>que</span> <span class='ocrx_word' id='word_1_43' title='bbox 261 791 385 842; x_wconf 80' lang='lat' dir='ltr'>plures</span> <span class='ocrx_word' id='word_1_44' title='bbox 424 787 559 838; x_wconf 81' lang='lat' dir='ltr'>species</span> <span class='ocrx_word' id='word_1_45' title='bbox 598 785 969 839; x_wconf 81' lang='lat' dir='ltr'>comprehendunt,</span> <span class='ocrx_word' id='word_1_46' title='bbox 1022 787 1082 828; x_wconf 85' lang='lat' dir='ltr'>sed</span> <span class='ocrx_word' id='word_1_47' title='bbox 1117 789 1159 829; x_wconf 81' lang='lat' dir='ltr'>iis</span> <span class='ocrx_word' id='word_1_48' title='bbox 1192 792 1453 832; x_wconf 79' lang='lat' dir='ltr'>enumerandis</span> 
     </span>
     <span class='ocr_line' id='line_1_9' title="bbox 146 851 1452 909; baseline -0.001 -14"><span class='ocrx_word' id='word_1_49' title='bbox 146 852 346 895; x_wconf 78' lang='lat' dir='ltr'>immorari</span> <span class='ocrx_word' id='word_1_50' title='bbox 381 863 460 889; x_wconf 82' lang='lat' dir='ltr'>non</span> <span class='ocrx_word' id='word_1_51' title='bbox 492 851 608 902; x_wconf 84' lang='lat' dir='ltr'>licet,</span> <span class='ocrx_word' id='word_1_52' title='bbox 644 862 845 904; x_wconf 80' lang='lat' dir='ltr'>propterea</span> <span class='ocrx_word' id='word_1_53' title='bbox 878 852 980 904; x_wconf 82' lang='lat' dir='ltr'>quod</span> <span class='ocrx_word' id='word_1_54' title='bbox 1015 852 1137 892; x_wconf 81' lang='lat' dir='ltr'>adhuc</span> <span class='ocrx_word' id='word_1_55' title='bbox 1155 853 1248 892; x_wconf 69' lang='lat' dir='ltr'>aliae</span> <span class='ocrx_word' id='word_1_56' title='bbox 1277 857 1452 909; x_wconf 79' lang='lat' dir='ltr'>proprie·</span> 
     </span>
     <span class='ocr_line' id='line_1_10' title="bbox 145 914 1447 968; baseline 0.001 -9"><span class='ocrx_word' id='word_1_57' title='bbox 145 928 240 959; x_wconf 77' lang='lat' dir='ltr'>tates</span> <span class='ocrx_word' id='word_1_58' title='bbox 278 917 480 959; x_wconf 81' lang='lat' dir='ltr'>solidorum</span> <span class='ocrx_word' id='word_1_59' title='bbox 523 914 596 955; x_wconf 90' lang='lat' dir='ltr'>huc</span> <span class='ocrx_word' id='word_1_60' title='bbox 638 916 847 968; x_wconf 62' lang='lat' dir='ltr'>ipeeantes</span> <span class='ocrx_word' id='word_1_61' title='bbox 880 916 1046 957; x_wconf 86' lang='lat' dir='ltr'>nondum</span> <span class='ocrx_word' id='word_1_62' title='bbox 1069 917 1447 960; x_wconf 77' lang='lat' dir='ltr'>satislhnteuolutae.</span> 
     </span>
    </p>
   </div>
   <div class='ocr_carea' id='block_1_5' title="bbox 548 1008 1025 1087">
    <p class='ocr_par' dir='ltr' id='par_1_5' title="bbox 548 1008 1025 1087">
     <span class='ocr_line' id='line_1_11' title="bbox 548 1008 1025 1087; baseline -0.002 -2"><span class='ocrx_word' id='word_1_63' title='bbox 548 1008 552 1012; x_wconf 25' lang='grc' dir='ltr'>ι</span> <span class='ocrx_word' id='word_1_64' title='bbox 615 1041 1025 1087; x_wconf 85' lang='lat' dir='ltr'>SCHOLION.</span> 
     </span>
    </p>
   </div>
   <div class='ocr_carea' id='block_1_6' title="bbox 148 1136 1455 2269">
    <p class='ocr_par' dir='ltr' id='par_1_6' title="bbox 148 1136 1455 2215">
     <span class='ocr_line' id='line_1_12' title="bbox 270 1136 1452 1192; baseline 0.006 -15"><span class='ocrx_word' id='word_1_65' title='bbox 270 1141 304 1188; x_wconf 84' lang='lat'>§.</span> <span class='ocrx_word' id='word_1_66' title='bbox 345 1143 372 1177; x_wconf 92' lang='lat'><em>6</em></span> <span class='ocrx_word' id='word_1_67' title='bbox 379 1150 417 1187; x_wconf 81' lang='lat'>5.</span> <span class='ocrx_word' id='word_1_68' title='bbox 452 1137 555 1178; x_wconf 75' lang='lat' dir='ltr'>Haec</span> <span class='ocrx_word' id='word_1_69' title='bbox 590 1136 668 1176; x_wconf 83' lang='lat' dir='ltr'>sunt</span> <span class='ocrx_word' id='word_1_70' title='bbox 701 1148 795 1190; x_wconf 83' lang='lat' dir='ltr'>ergo</span> <span class='ocrx_word' id='word_1_71' title='bbox 828 1137 924 1191; x_wconf 77' lang='lat' dir='ltr'>quasi</span> <span class='ocrx_word' id='word_1_72' title='bbox 945 1139 1068 1192; x_wconf 87' lang='lat' dir='ltr'>prima</span> <span class='ocrx_word' id='word_1_73' title='bbox 1085 1140 1277 1181; x_wconf 83' lang='lat' dir='ltr'>elementa</span> <span class='ocrx_word' id='word_1_74' title='bbox 1297 1139 1452 1184; x_wconf 85' lang='lat' dir='ltr'>Sterco-</span> 
     </span>
     <span class='ocr_line' id='line_1_13' title="bbox 152 1202 1455 1258; baseline 0.002 -13"><span class='ocrx_word' id='word_1_75' title='bbox 152 1206 312 1246; x_wconf 67' lang='lat' dir='ltr'>metriae</span> <span class='ocrx_word' id='word_1_76' title='bbox 336 1237 345 1255; x_wconf 85' lang='lat'>,</span> <span class='ocrx_word' id='word_1_77' title='bbox 375 1215 467 1256; x_wconf 68' lang='lat' dir='ltr'>quate</span> <span class='ocrx_word' id='word_1_78' title='bbox 488 1202 690 1242; x_wconf 86' lang='lat' dir='ltr'>solidorum</span> <span class='ocrx_word' id='word_1_79' title='bbox 713 1202 749 1240; x_wconf 89' lang='lat' dir='ltr'>in</span> <span class='ocrx_word' id='word_1_80' title='bbox 769 1214 906 1254; x_wconf 82' lang='lat' dir='ltr'>genere</span> <span class='ocrx_word' id='word_1_81' title='bbox 927 1202 1186 1256; x_wconf 57' lang='lat' dir='ltr'>spectatorum</span> <span class='ocrx_word' id='word_1_82' title='bbox 1205 1205 1424 1247; x_wconf 77' lang='lat' dir='ltr'>affee&#39;tiones</span> <span class='ocrx_word' id='word_1_83' title='bbox 1442 1240 1455 1258; x_wconf 87' lang='lat'><em>,</em></span> 
     </span>
     <span class='ocr_line' id='line_1_14' title="bbox 151 1265 1451 1322; baseline 0.005 -16"><span class='ocrx_word' id='word_1_84' title='bbox 151 1283 195 1310; x_wconf 80' lang='lat' dir='ltr'>ac</span> <span class='ocrx_word' id='word_1_85' title='bbox 249 1268 498 1321; x_wconf 77' lang='lat' dir='ltr'>proprietates</span> <span class='ocrx_word' id='word_1_86' title='bbox 552 1265 748 1302; x_wconf 76' lang='lat' dir='ltr'>continent</span> <span class='ocrx_word' id='word_1_87' title='bbox 770 1296 780 1314; x_wconf 81' lang='lat'>‚</span> <span class='ocrx_word' id='word_1_88' title='bbox 831 1265 934 1303; x_wconf 85' lang='lat' dir='ltr'>vnde</span> <span class='ocrx_word' id='word_1_89' title='bbox 988 1267 1168 1320; x_wconf 87' lang='lat' dir='ltr'>deinceps</span> <span class='ocrx_word' id='word_1_90' title='bbox 1220 1270 1451 1322; x_wconf 72' lang='lat' dir='ltr'>lingularum</span> 
     </span>
     <span class='ocr_line' id='line_1_15' title="bbox 152 1325 1452 1386; baseline 0.003 -14"><span class='ocrx_word' id='word_1_91' title='bbox 152 1333 360 1386; x_wconf 81' lang='lat' dir='ltr'>specierum</span> <span class='ocrx_word' id='word_1_92' title='bbox 383 1329 633 1381; x_wconf 79' lang='lat' dir='ltr'>proprietates</span> <span class='ocrx_word' id='word_1_93' title='bbox 652 1325 717 1366; x_wconf 79' lang='lat' dir='ltr'>fint</span> <span class='ocrx_word' id='word_1_94' title='bbox 736 1327 984 1368; x_wconf 79' lang='lat' dir='ltr'>deducendae.</span> <span class='ocrx_word' id='word_1_95' title='bbox 1015 1329 1296 1384; x_wconf 82' lang='lat' dir='ltr'>Propositiones</span> <span class='ocrx_word' id='word_1_96' title='bbox 1315 1333 1452 1376; x_wconf 88' lang='lat' dir='ltr'>scilicet</span> 
     </span>
     <span class='ocr_line' id='line_1_16' title="bbox 150 1389 1451 1451; baseline 0.002 -15"><span class='ocrx_word' id='word_1_97' title='bbox 150 1397 210 1436; x_wconf 86' lang='lat' dir='ltr'>hic</span> <span class='ocrx_word' id='word_1_98' title='bbox 247 1394 404 1434; x_wconf 79' lang='lat' dir='ltr'>traditae</span> <span class='ocrx_word' id='word_1_99' title='bbox 438 1389 576 1431; x_wconf 83' lang='lat' dir='ltr'>similes</span> <span class='ocrx_word' id='word_1_100' title='bbox 594 1391 673 1430; x_wconf 84' lang='lat' dir='ltr'>sunt</span> <span class='ocrx_word' id='word_1_101' title='bbox 691 1402 823 1431; x_wconf 81' lang='lat' dir='ltr'>earnm</span> <span class='ocrx_word' id='word_1_102' title='bbox 844 1424 854 1443; x_wconf 88' lang='lat'>,</span> <span class='ocrx_word' id='word_1_103' title='bbox 889 1405 984 1446; x_wconf 84' lang='lat' dir='ltr'>quae</span> <span class='ocrx_word' id='word_1_104' title='bbox 1018 1394 1056 1434; x_wconf 90' lang='lat' dir='ltr'>in</span> <span class='ocrx_word' id='word_1_105' title='bbox 1085 1391 1313 1436; x_wconf 83' lang='lat' dir='ltr'>Geometria</span> <span class='ocrx_word' id='word_1_106' title='bbox 1340 1399 1451 1451; x_wconf 76' lang='lat' dir='ltr'>plana</span> 
     </span>
     <span class='ocr_line' id='line_1_17' title="bbox 149 1454 1450 1514; baseline 0.003 -16"><span class='ocrx_word' id='word_1_107' title='bbox 149 1460 195 1500; x_wconf 90' lang='lat' dir='ltr'>de</span> <span class='ocrx_word' id='word_1_108' title='bbox 229 1456 519 1511; x_wconf 80' lang='lat' dir='ltr'>proprietatibus</span> <span class='ocrx_word' id='word_1_109' title='bbox 547 1454 778 1508; x_wconf 83' lang='lat' dir='ltr'>generalibus</span> <span class='ocrx_word' id='word_1_110' title='bbox 813 1455 1020 1509; x_wconf 87' lang='lat' dir='ltr'>figurarum</span> <span class='ocrx_word' id='word_1_111' title='bbox 1040 1459 1291 1501; x_wconf 83' lang='lat' dir='ltr'>demonstrari</span> <span class='ocrx_word' id='word_1_112' title='bbox 1311 1461 1450 1514; x_wconf 69' lang='lat' dir='ltr'>lolem,</span> 
     </span>
     <span class='ocr_line' id='line_1_18' title="bbox 148 1518 1452 1579; baseline 0.003 -16"><span class='ocrx_word' id='word_1_113' title='bbox 148 1533 188 1564; x_wconf 89' lang='lat' dir='ltr'>et</span> <span class='ocrx_word' id='word_1_114' title='bbox 221 1534 313 1575; x_wconf 69' lang='lat' dir='ltr'>qnae</span> <span class='ocrx_word' id='word_1_115' title='bbox 347 1521 391 1561; x_wconf 81' lang='lat' dir='ltr'>ad</span> <span class='ocrx_word' id='word_1_116' title='bbox 425 1520 490 1560; x_wconf 72' lang='lat' dir='ltr'>has</span> <span class='ocrx_word' id='word_1_117' title='bbox 522 1519 610 1558; x_wconf 71' lang='lat' dir='ltr'>duas</span> <span class='ocrx_word' id='word_1_118' title='bbox 640 1518 884 1572; x_wconf 82' lang='lat' dir='ltr'>reducuntur,</span> <span class='ocrx_word' id='word_1_119' title='bbox 919 1531 964 1561; x_wconf 88' lang='lat' dir='ltr'>vt</span> <span class='ocrx_word' id='word_1_120' title='bbox 995 1523 1034 1562; x_wconf 88' lang='lat' dir='ltr'>in</span> <span class='ocrx_word' id='word_1_121' title='bbox 1070 1524 1181 1565; x_wconf 89' lang='lat' dir='ltr'>omni</span> <span class='ocrx_word' id='word_1_122' title='bbox 1202 1524 1321 1579; x_wconf 78' lang='lat' dir='ltr'>figura</span> <span class='ocrx_word' id='word_1_123' title='bbox 1338 1526 1452 1567; x_wconf 61' lang='lat' dir='ltr'>recti-</span> 
     </span>
     <span class='ocr_line' id='line_1_19' title="bbox 148 1583 1452 1641; baseline 0.005 -14"><span class='ocrx_word' id='word_1_124' title='bbox 148 1587 248 1627; x_wconf 73' lang='lat' dir='ltr'>linea</span> <span class='ocrx_word' id='word_1_125' title='bbox 289 1585 459 1638; x_wconf 88' lang='lat' dir='ltr'>primum</span> <span class='ocrx_word' id='word_1_126' title='bbox 494 1583 714 1635; x_wconf 82' lang='lat' dir='ltr'>angulorum</span> <span class='ocrx_word' id='word_1_127' title='bbox 757 1596 934 1625; x_wconf 89' lang='lat' dir='ltr'>numerus</span> <span class='ocrx_word' id='word_1_128' title='bbox 983 1588 1145 1641; x_wconf 83' lang='lat' dir='ltr'>aequalis</span> <span class='ocrx_word' id='word_1_129' title='bbox 1195 1589 1239 1630; x_wconf 84' lang='lat' dir='ltr'>fit</span> <span class='ocrx_word' id='word_1_130' title='bbox 1289 1603 1452 1633; x_wconf 89' lang='lat' dir='ltr'>numero</span> 
     </span>
     <span class='ocr_line' id='line_1_20' title="bbox 150 1646 1451 1710; baseline 0.005 -19"><span class='ocrx_word' id='word_1_131' title='bbox 150 1651 311 1691; x_wconf 82' lang='lat' dir='ltr'>laterum</span> <span class='ocrx_word' id='word_1_132' title='bbox 336 1682 344 1698; x_wconf 79' lang='lat'>,</span> <span class='ocrx_word' id='word_1_133' title='bbox 378 1658 460 1688; x_wconf 89' lang='lat' dir='ltr'>tum</span> <span class='ocrx_word' id='word_1_134' title='bbox 495 1659 589 1686; x_wconf 74' lang='lat' dir='ltr'>vero</span> <span class='ocrx_word' id='word_1_135' title='bbox 610 1658 651 1688; x_wconf 83' lang='lat' dir='ltr'>vt</span> <span class='ocrx_word' id='word_1_136' title='bbox 670 1646 813 1689; x_wconf 78' lang='lat' dir='ltr'>summa</span> <span class='ocrx_word' id='word_1_137' title='bbox 833 1651 1011 1690; x_wconf 89' lang='lat' dir='ltr'>omniurn</span> <span class='ocrx_word' id='word_1_138' title='bbox 1037 1652 1262 1705; x_wconf 83' lang='lat' dir='ltr'>angulorum</span> <span class='ocrx_word' id='word_1_139' title='bbox 1309 1667 1451 1710; x_wconf 81' lang='lat' dir='ltr'>aeque-</span> 
     </span>
     <span class='ocr_line' id='line_1_21' title="bbox 151 1711 1450 1773; baseline 0.005 -18"><span class='ocrx_word' id='word_1_140' title='bbox 151 1726 211 1755; x_wconf 86' lang='lat' dir='ltr'>tur</span> <span class='ocrx_word' id='word_1_141' title='bbox 247 1713 300 1752; x_wconf 67' lang='lat' dir='ltr'>bis</span> <span class='ocrx_word' id='word_1_142' title='bbox 335 1722 390 1751; x_wconf 81' lang='lat' dir='ltr'>tot</span> <span class='ocrx_word' id='word_1_143' title='bbox 421 1711 563 1764; x_wconf 80' lang='lat' dir='ltr'>angulis</span> <span class='ocrx_word' id='word_1_144' title='bbox 596 1712 705 1752; x_wconf 63' lang='lat' dir='ltr'>rectis</span> <span class='ocrx_word' id='word_1_145' title='bbox 725 1745 735 1764; x_wconf 81' lang='lat'>‚</span> <span class='ocrx_word' id='word_1_146' title='bbox 769 1721 863 1766; x_wconf 88' lang='lat' dir='ltr'>quot</span> <span class='ocrx_word' id='word_1_147' title='bbox 905 1714 984 1755; x_wconf 91' lang='lat' dir='ltr'>sunt</span> <span class='ocrx_word' id='word_1_148' title='bbox 1017 1715 1132 1756; x_wconf 80' lang='lat' dir='ltr'>latera</span> <span class='ocrx_word' id='word_1_149' title='bbox 1152 1749 1162 1767; x_wconf 87' lang='lat'>,</span> <span class='ocrx_word' id='word_1_150' title='bbox 1203 1718 1343 1759; x_wconf 86' lang='lat' dir='ltr'>demtis</span> <span class='ocrx_word' id='word_1_151' title='bbox 1361 1733 1450 1773; x_wconf 79' lang='lat' dir='ltr'>qua-</span> 
     </span>
     <span class='ocr_line' id='line_1_22' title="bbox 150 1774 1449 1834; baseline 0.006 -19"><span class='ocrx_word' id='word_1_152' title='bbox 150 1789 250 1819; x_wconf 86' lang='lat' dir='ltr'>tuor.</span> <span class='ocrx_word' id='word_1_153' title='bbox 318 1775 361 1815; x_wconf 87' lang='lat' dir='ltr'>In</span> <span class='ocrx_word' id='word_1_154' title='bbox 398 1774 516 1815; x_wconf 81' lang='lat' dir='ltr'>solidis</span> <span class='ocrx_word' id='word_1_155' title='bbox 560 1785 690 1816; x_wconf 86' lang='lat' dir='ltr'>autem</span> <span class='ocrx_word' id='word_1_156' title='bbox 736 1789 915 1817; x_wconf 82' lang='lat' dir='ltr'>numerus</span> <span class='ocrx_word' id='word_1_157' title='bbox 953 1777 1171 1819; x_wconf 83' lang='lat' dir='ltr'>huiusmodi</span> <span class='ocrx_word' id='word_1_158' title='bbox 1215 1783 1449 1834; x_wconf 83' lang='lat' dir='ltr'>propositio·</span> 
     </span>
     <span class='ocr_line' id='line_1_23' title="bbox 153 1839 1447 1899; baseline 0.003 -16"><span class='ocrx_word' id='word_1_159' title='bbox 153 1855 244 1883; x_wconf 88' lang='lat' dir='ltr'>num</span> <span class='ocrx_word' id='word_1_160' title='bbox 288 1839 625 1880; x_wconf 75' lang='lat' dir='ltr'>fimdamcntalium</span> <span class='ocrx_word' id='word_1_161' title='bbox 671 1840 796 1880; x_wconf 81' lang='lat' dir='ltr'>multo</span> <span class='ocrx_word' id='word_1_162' title='bbox 828 1841 883 1880; x_wconf 89' lang='lat' dir='ltr'>est</span> <span class='ocrx_word' id='word_1_163' title='bbox 942 1843 1097 1893; x_wconf 82' lang='lat' dir='ltr'>maior,</span> <span class='ocrx_word' id='word_1_164' title='bbox 1144 1846 1245 1896; x_wconf 80' lang='lat' dir='ltr'>qnod</span> <span class='ocrx_word' id='word_1_165' title='bbox 1297 1847 1447 1899; x_wconf 84' lang='lat' dir='ltr'>quidem</span> 
     </span>
     <span class='ocr_line' id='line_1_24' title="bbox 152 1905 1446 1961; baseline 0.003 -14"><span class='ocrx_word' id='word_1_166' title='bbox 152 1909 204 1947; x_wconf 81' lang='lat' dir='ltr'>ob</span> <span class='ocrx_word' id='word_1_167' title='bbox 223 1905 408 1947; x_wconf 73' lang='lat' dir='ltr'>maiorem</span> <span class='ocrx_word' id='word_1_168' title='bbox 429 1915 575 1954; x_wconf 85' lang='lat' dir='ltr'>rerum,</span> <span class='ocrx_word' id='word_1_169' title='bbox 596 1905 726 1957; x_wconf 78' lang='lat' dir='ltr'>quibus</span> <span class='ocrx_word' id='word_1_170' title='bbox 736 1906 1031 1947; x_wconf 78' lang='lat' dir='ltr'>determinantur</span> <span class='ocrx_word' id='word_1_171' title='bbox 1043 1907 1325 1950; x_wconf 85' lang='lat' dir='ltr'>multitudinem</span> <span class='ocrx_word' id='word_1_172' title='bbox 1341 1943 1350 1961; x_wconf 84' lang='lat'>‚</span> <span class='ocrx_word' id='word_1_173' title='bbox 1368 1923 1446 1951; x_wconf 88' lang='lat' dir='ltr'>non</span> 
     </span>
     <span class='ocr_line' id='line_1_25' title="bbox 152 1967 1445 2027; baseline 0.003 -16"><span class='ocrx_word' id='word_1_174' title='bbox 152 1970 206 2011; x_wconf 88' lang='lat' dir='ltr'>est</span> <span class='ocrx_word' id='word_1_175' title='bbox 246 1968 477 2009; x_wconf 82' lang='lat' dir='ltr'>mirandum.</span> <span class='ocrx_word' id='word_1_176' title='bbox 503 1967 592 2007; x_wconf 91' lang='lat' dir='ltr'>Hoc</span> <span class='ocrx_word' id='word_1_177' title='bbox 612 1978 738 2009; x_wconf 83' lang='lat' dir='ltr'>autem</span> <span class='ocrx_word' id='word_1_178' title='bbox 760 1970 904 2009; x_wconf 90' lang='lat' dir='ltr'>merito</span> <span class='ocrx_word' id='word_1_179' title='bbox 923 1972 1100 2010; x_wconf 84' lang='lat' dir='ltr'>maxime</span> <span class='ocrx_word' id='word_1_180' title='bbox 1121 1973 1258 2013; x_wconf 91' lang='lat' dir='ltr'>mirum</span> <span class='ocrx_word' id='word_1_181' title='bbox 1279 1975 1445 2027; x_wconf 83' lang='lat' dir='ltr'>videtur,</span> 
     </span>
     <span class='ocr_line' id='line_1_26' title="bbox 154 2031 1446 2091; baseline 0.004 -17"><span class='ocrx_word' id='word_1_182' title='bbox 154 2034 255 2089; x_wconf 84' lang='lat' dir='ltr'>quod</span> <span class='ocrx_word' id='word_1_183' title='bbox 289 2045 378 2072; x_wconf 90' lang='lat' dir='ltr'>cum</span> <span class='ocrx_word' id='word_1_184' title='bbox 410 2034 490 2070; x_wconf 81' lang='lat' dir='ltr'>&#39;non</span> <span class='ocrx_word' id='word_1_185' title='bbox 524 2031 644 2071; x_wconf 88' lang='lat' dir='ltr'>solum</span> <span class='ocrx_word' id='word_1_186' title='bbox 698 2032 888 2074; x_wconf 82' lang='lat' dir='ltr'>elementa</span> <span class='ocrx_word' id='word_1_187' title='bbox 930 2031 1178 2075; x_wconf 88' lang='lat' dir='ltr'>Geometriae</span> <span class='ocrx_word' id='word_1_188' title='bbox 1227 2037 1358 2091; x_wconf 78' lang='lat' dir='ltr'>planae</span> <span class='ocrx_word' id='word_1_189' title='bbox 1401 2040 1446 2079; x_wconf 83' lang='lat' dir='ltr'>ad</span> 
     </span>
     <span class='ocr_line' id='line_1_27' title="bbox 152 2095 1444 2153; baseline 0.003 -14"><span class='ocrx_word' id='word_1_190' title='bbox 152 2099 347 2140; x_wconf 90' lang='lat' dir='ltr'>summum</span> <span class='ocrx_word' id='word_1_191' title='bbox 383 2095 652 2150; x_wconf 76' lang='lat' dir='ltr'>perspicuitatis</span> <span class='ocrx_word' id='word_1_192' title='bbox 683 2095 862 2148; x_wconf 79' lang='lat' dir='ltr'>fastigium</span> <span class='ocrx_word' id='word_1_193' title='bbox 906 2098 974 2139; x_wconf 83' lang='lat' dir='ltr'>[int</span> <span class='ocrx_word' id='word_1_194' title='bbox 1006 2110 1188 2152; x_wconf 84' lang='lat' dir='ltr'>promota</span> <span class='ocrx_word' id='word_1_195' title='bbox 1207 2134 1218 2153; x_wconf 86' lang='lat'>,</span> <span class='ocrx_word' id='word_1_196' title='bbox 1250 2102 1309 2143; x_wconf 89' lang='lat' dir='ltr'>sed</span> <span class='ocrx_word' id='word_1_197' title='bbox 1328 2103 1444 2143; x_wconf 81' lang='lat' dir='ltr'>etiam</span> 
     </span>
     <span class='ocr_line' id='line_1_28' title="bbox 154 2159 1447 2215; baseline -0.002 -8"><span class='ocrx_word' id='word_1_198' title='bbox 154 2161 424 2207; x_wconf 78' lang='lat' dir='ltr'>stereometria</span> <span class='ocrx_word' id='word_1_199' title='bbox 459 2160 536 2199; x_wconf 86' lang='lat' dir='ltr'>iam</span> <span class='ocrx_word' id='word_1_200' title='bbox 571 2159 618 2199; x_wconf 89' lang='lat' dir='ltr'>ab</span> <span class='ocrx_word' id='word_1_201' title='bbox 650 2160 905 2211; x_wconf 72' lang='lat' dir='ltr'>antiquissimis</span> <span class='ocrx_word' id='word_1_202' title='bbox 945 2160 1170 2206; x_wconf 83' lang='lat' dir='ltr'>Geometris</span> <span class='ocrx_word' id='word_1_203' title='bbox 1206 2166 1249 2209; x_wconf 81' lang='lat' dir='ltr'>fit</span> <span class='ocrx_word' id='word_1_204' title='bbox 1266 2166 1416 2207; x_wconf 82' lang='lat' dir='ltr'>exculta</span> <span class='ocrx_word' id='word_1_205' title='bbox 1436 2198 1447 2215; x_wconf 80' lang='lat'>,</span> 
     </span>
    </p>

    <p class='ocr_par' dir='ltr' id='par_1_7' title="bbox 738 2222 1445 2269">
     <span class='ocr_line' id='line_1_29' title="bbox 738 2222 1445 2269; baseline 0.001 -2"><span class='ocrx_word' id='word_1_206' title='bbox 738 2222 765 2267; x_wconf 88' lang='lat' dir='ltr'><strong>S</strong></span> <span class='ocrx_word' id='word_1_207' title='bbox 805 2236 828 2262; x_wconf 81' lang='lat'>2</span> <span class='ocrx_word' id='word_1_208' title='bbox 1319 2238 1445 2269; x_wconf 85' lang='lat' dir='ltr'>tamen</span> 
     </span>
    </p>
   </div>
  </div>
 </body>
</html>
