2013 2703
273 179 769 230 DOCTRINAE
808 179 1316 227 SOLIDORVM.
1367 193 1454 232 ¹¹9

159 327 362 370 hedrarum
398 334 561 380 ponatur
608 338 661 365 z
689 323 727 364 H
750 355 761 374 ‚
796 335 916 377 neque
955 322 1019 363 hic
1055 335 1230 365 numerus
1260 321 1298 364 H
1334 333 1459 375 neque

158 405 338 436 numerus
370 391 397 437 S
433 392 557 432 maior
589 391 662 430 este
694 389 818 443 potest
852 401 966 442 quam
1001 389 1088 440 ξΑ.

497 523 980 569 PROPOSITIO
1011 523 1085 566 lv.

278 628 312 674 ξ.
356 635 428 673 33.
462 625 507 665 ln
538 623 633 663 omni
639 618 756 675 solida
775 619 904 662 hedris
920 620 1046 676 planis
1065 617 1194 674 inclufh
1221 628 1466 674 aggregatum

163 703 214 732 ex
246 701 390 730 numero
428 686 635 740 angulorum
655 684 854 738 solidorum
896 692 931 726 et
978 698 1028 726 ex
1067 697 1213 728 numero
1256 684 1464 728 hedrarum

163 755 308 798 binario
340 752 487 794 excedit
519 762 704 791 numerum
750 751 930 791 acierum.

512 876 1183 925 DEMONSTRATIO.

282 984 430 1029 Scilicet
465 986 492 1027 s1
526 995 690 1039 ponatur
722 995 764 1026 vt
797 983 1009 1027 haetenus:

166 1063 344 1091 numerus
383 1051 609 1103 angulorum
642 1049 847 1090 solidorum
881 1063 935 1091 z
966 1047 993 1092 S

169 1126 351 1154 numerus
384 1115 550 1153 acierum
601 1136 620 1144 -
679 1134 694 1141 -
747 1135 764 1142 -
818 1131 837 1141 -
870 1125 926 1150 z
961 1113 1002 1152 A

170 1188 350 1218 numerus
382 1176 585 1216 hedmrum
634 1196 654 1203 -
714 1195 730 1204 ·
785 1197 802 1205 -
866 1188 920 1215 :z
957 1173 996 1215 H

171 1240 508 1282 demonstrandum
531 1239 583 1279 cst
601 1270 611 1290 ‚
629 1234 705 1277 effe
723 1234 750 1278 S
770 1245 835 1285 -4-
858 1238 896 1279 H
913 1252 968 1278 :z
986 1239 1027 1279 A
1060 1245 1126 1285 -4-
1166 1251 1209 1280 2.

289 1374 416 1417 Fateri
432 1373 608 1426 equidem
626 1385 763 1426 cogor,
783 1384 846 1413 me
865 1370 976 1413 huius
992 1372 1477 1417 theorematisdemonstra-

171 1441 324 1482 tionem
360 1439 516 1480 firmam
556 1437 677 1478 adhuc
718 1450 850 1478 eruere
884 1450 963 1478 non
997 1437 1197 1494 potuiffe3
1230 1440 1383 1482 interim
1423 1450 1474 1480 ta-

173 1517 269 1545 men
302 1504 379 1543 eius
412 1503 548 1542 veritas
581 1515 654 1555 pro
689 1502 865 1542 omnibus
905 1501 1113 1543 solidorum
1167 1505 1392 1558 generibus,
1432 1505 1477 1544 nd

174 1580 273 1622 quae
308 1566 622 1617 examinabitur,
658 1577 735 1605 non
785 1564 987 1606 difficulter
1035 1567 1283 1621 agnoscetur,
1330 1570 1382 1609 ita
1434 1577 1479 1608 vt

176 1632 329 1685 sequens
361 1630 531 1670 industio
564 1631 690 1670 vicem
721 1631 1058 1673 demonstrationis
1090 1644 1220 1688 gerere
1264 1643 1389 1687 queat.

303 1777 341 1804 1.
377 1762 664 1807 Consideremus
695 1779 789 1820 ergo
822 1768 954 1820 primo
987 1767 1233 1821 pyramidem
1275 1781 1474 1820 quamcun-
1494 1774 1563 1828 Fig-
1594 1789 1624 1819 3„

183 1841 256 1883 que
289 1827 398 1882 super
430 1829 505 1869 bafi
541 1831 576 1869 A
595 1829 630 1871 Β
649 1828 683 1871 C
701 1829 746 1871 D
766 1831 802 1872 E
819 1832 847 1871 F
869 1827 908 1871 G
939 1842 1182 1885 quotcunque
1201 1831 1357 1871 laterum
1385 1845 1478 1872 cou-

182 1893 346 1934 stitutam
382 1903 420 1932 et
452 1894 490 1932 in
521 1895 670 1946 apicem
706 1895 742 1935 H
780 1895 1027 1936 definentem.
1109 1894 1166 1935 Sit
1207 1907 1386 1934 numerus
1428 1897 1479 1935 lu-

183 1966 310 1997 terum
347 1955 438 1996 bafis
470 1969 523 1995 :-
543 1970 606 2009 m,
639 1960 875 2014 totidemque
911 1959 1091 2014 triangula
1124 1973 1144 1998 a
1165 1959 1238 1999 bafi
1256 1959 1303 1998 ad
1329 1962 1479 2013 apicem

181 2033 299 2074 vsque
328 2019 529 2073 assurgent·
589 2021 797 2064 Includitur
822 2036 916 2077 ergo
946 2027 1039 2065 haec
1079 2024 1249 2076 pyramis
1280 2037 1318 2064 m
1352 2032 1416 2069 -ξ-
1456 2038 1475 2063 1

183 2083 341 2135 hedris,
375 2096 534 2137 quarum
570 2099 606 2126 m
640 2087 719 2127 {unt
749 2089 963 2142 triangula,
996 2101 1073 2129 vna
1107 2099 1202 2128 vcro
1236 2088 1480 2141 polygonum

184 2161 221 2191 m
254 2147 478 2202 angulorum
521 2152 579 2189 ieu
615 2147 794 2193 laterum.
859 2153 949 2195 Erit
976 2154 1102 2207 itaque
1135 2164 1315 2193 numexus
1345 2153 1481 2192 hedra-

1394 2227 1480 2254 rum
