2013 2703
548 132 616 174 νο
771 125 874 168 DE
918 119 1635 170 CONSTRVCTIONE

552 253 656 307 quod
698 253 745 293 ad
787 263 941 294 motum
984 252 1068 292 alae
1108 253 1401 293 acceierandum
1441 254 1588 295 consti-t
1613 288 1623 306 ,
1665 253 1731 294 nisi
1777 254 1858 294 eius

558 318 668 358 valor
697 319 808 358 suerit
843 317 1046 369 negatiuus.
1112 316 1241 372 Qizire
1277 322 1323 356 vt
1339 328 1465 356 motus
1497 320 1577 358 alae
1607 331 1628 358 a
1673 320 1711 358 vi
1747 320 1854 358 venti

555 392 858 435 promouit-atur,
892 382 1058 433 primurn
1100 380 1244 420 necesse
1283 380 1338 420 est
1367 390 1410 420 vt
1440 386 1458 420 t
1499 380 1638 421 habeat
1678 381 1853 422 valorem

554 444 851 495 affirmaturum,
870 444 989 498 sicque
1009 454 1089 484 tota
1107 445 1165 484 alu
1185 445 1229 485 ad
1246 443 1396 485 easdem
1415 455 1540 498 partes
1556 444 1678 484 restae
1694 458 1718 486 c
1732 443 1777 486 D
1792 445 1856 485 sita

554 507 627 548 effe
660 509 786 549 debet.
852 507 890 548 Si
922 508 1028 548 enim
1064 509 1265 562 quaepiam
1298 509 1377 549 alae
1409 521 1495 562 pars
1525 509 1570 549 ad
1597 508 1751 548 alteram
1775 521 1855 562 par-

554 581 638 612 tem
674 571 780 612 huius
810 572 932 612 testie
970 571 1044 612 cD
1078 571 1375 621 extenderetur,
1410 585 1431 612 a
1462 573 1505 613 vi
1538 575 1646 613 venti
1692 573 1732 613 in
1769 584 1857 612 eam

552 636 803 689 impingentis
836 637 998 677 oriretur
1027 645 1273 676 momentum
1307 637 1541 676 contrarium
1566 666 1579 688 ‚
1620 649 1697 691 quo
1731 647 1863 677 motus

556 698 638 740 alae
680 701 927 742 retardaretur
953 733 967 753 ,
1007 699 1131 754 srcque
1175 699 1356 741 machina
1396 700 1435 740 in
1475 710 1589 742 motu
1627 702 1694 742 suo
1732 702 1861 756 impe-

560 763 716 806 ditetur.

957 825 1360 874 COROLL.
1433 835 1476 877 5.

715 935 788 977 34.
823 924 1018 968 Praeterea
1049 938 1148 967 vero
1177 937 1229 966 ne
1261 926 1319 966 vis
1349 926 1458 965 venti
1491 923 1616 964 motui
1668 924 1751 966 alae
1799 935 1863 965 vs-

559 1001 675 1045 quam
710 990 919 1031 aduersetur
937 1023 949 1042 ‚
984 990 1127 1031 necess‘e
1160 990 1215 1030 est
1233 1021 1246 1040 ,
1277 998 1323 1028 vt
1342 987 1441 1027 haec
1471 986 1660 1039 quantitas

662 1057 964 1111 ecos.0fin.(1)
991 1061 1158 1101 -esin.
1183 1046 1768 1119 ofinncoMD-sscocm

560 1123 705 1177 vbique
739 1124 910 1163 valorem
942 1124 1116 1164 obtineat
1153 1123 1465 1176 affirmatiuum3
1505 1121 1568 1162 feu
1608 1133 1651 1164 vt
1689 1123 1867 1165 membra

559 1188 639 1227 eius
704 1189 877 1242 negatum
942 1186 1095 1240 semper
1151 1188 1223 1228 sint
1273 1187 1422 1226 minora
1472 1199 1586 1240 quam
1637 1189 1860 1228 membrum

563 1254 734 1304 primum
803 1250 1076 1291 affirmatiuum
1128 1263 1150 1291 e
1191 1248 1304 1290 cose
1341 1250 1394 1291 fin
1431 1245 1487 1300 Φ.
1571 1251 1766 1292 Vltimum
1801 1265 1869 1292 au-

560 1329 644 1362 tem
703 1320 924 1361 membrum
976 1310 1180 1381 ‘is-'coficp
1210 1319 1359 1372 semper
1399 1319 1454 1360 est
1495 1322 1715 1373 negatiuum
1738 1355 1750 1373 ,
1801 1323 1865 1364 fit-

561 1396 638 1438 que
671 1385 891 1426 maximum
913 1415 926 1434 ‚
977 1385 1041 1425 vbi
1094 1385 1140 1424 ud
1193 1384 1273 1424 alae
1323 1394 1472 1437 partem
1526 1384 1556 1425 F
1588 1398 1608 1424 a
1661 1386 1762 1426 resta
1782 1385 1864 1428 cD

563 1450 741 1489 maxime
772 1458 964 1488 remotam
985 1449 1216 1503 peruenitur.
1282 1446 1400 1501 Quod
1433 1447 1573 1501 siergo
1592 1448 1681 1489 haec
1697 1451 1867 1490 distantia

566 1509 662 1553 DF
695 1522 860 1565 ponatur
892 1513 1012 1570 :s‚
1045 1514 1092 1552 ita
1135 1522 1178 1552 vt
1213 1511 1345 1565 puncti
1380 1512 1408 1552 F
1461 1512 1628 1552 celeritas
1675 1516 1867 1566 gyratoria

565 1574 614 1617 fit
644 1589 696 1616 z
717 1589 770 1624 u,
801 1587 958 1628 oportet
993 1586 1035 1616 vt
1071 1576 1194 1629 posito
1233 1577 1366 1630 εἰ]
1385 1608 1395 1626 ,
1444 1575 1487 1614 fit
1539 1575 1630 1615 haec
1683 1579 1867 1630 quantitas

565 1652 586 1681 e
605 1641 680 1680 cos.
699 1639 717 1681 Θ
737 1640 804 1681 fin.
825 1634 948 1691 CD-e
967 1640 1029 1681 sin.
1062 1639 1081 1681 Θ
1101 1641 1164 1681 sin.
1187 1643 1297 1689 neos.
1313 1637 1393 1690 Φ·-
1413 1638 1517 1680 ucos.
1542 1635 1586 1689 Φ
1611 1640 1835 1681 affirmarim
1855 1674 1868 1693 ,

565 1712 648 1744 tum
683 1706 788 1746 enim
810 1737 823 1758 ‚
854 1705 882 1746 si
913 1704 1021 1746 fuerit
1051 1712 1068 1745 t
1089 1707 1131 1756 <
1145 1705 1198 1760 f,
1231 1717 1275 1745 ea
1306 1704 1428 1744 multo
1461 1705 1584 1758 magis
1600 1706 1667 1746 erit
1698 1705 1865 1747 affirma-

569 1768 661 1809 tiua.

967 1831 1370 1875 COROLL.
1436 1836 1479 1872 6.

720 1935 795 1976 35.
827 1925 941 1968 Dum
984 1928 1040 1969 ala
1073 1938 1225 1982 gyratur
1265 1930 1415 1984 angulus
1448 1944 1547 1981 n:
1568 1928 1655 1972 BC
1680 1929 1714 1972 K
1747 1929 1867 1972 conti·

567 2001 647 2033 nuo
678 2000 860 2043 mutatur,
893 1992 1052 2046 ideoque
1084 2006 1134 2034 ne
1166 1993 1332 2046 superior
1351 1995 1513 2036 formula
1533 2008 1697 2048 vnqunm
1727 1994 1870 2047 negati-

568 2067 664 2095 vum
700 2055 872 2094 obtineat
906 2057 1075 2096 valorem
1110 2067 1255 2097 tantum
1290 2059 1534 2100 efficiendum
1569 2060 1649 2111 est,
1683 2070 1725 2099 vt
1751 2069 1871 2111 quun-

570 2119 624 2161 do
655 2118 831 2159 iecundus
863 2121 1044 2160 terminus
1077 2123 1294 2163 maximum
1331 2123 1482 2165 sortitur
1514 2123 1681 2164 valorem
1726 2121 1870 2173 negati-

1733 2197 1830 2226 vum
1852 2217 1864 2238 ,
