2013 2703
707 152 738 210 J(
776 165 828 205 ⁵⁵
869 152 900 211 J(

145 293 219 326 tate
240 284 443 338 reliquum,
463 282 651 323 delineata
669 281 743 322 effe
755 283 881 336 potuit
894 280 908 323 ξ
923 280 1457 335 Adeoque,dnmmodohac'c

142 349 290 402 effigies
310 348 573 389 Musimonem
598 358 793 397 veterum,
824 356 906 398 aut,
939 346 1044 400 quod
1077 346 1179 386 idem
1201 346 1254 385 est
1276 379 1286 397 ,
1329 346 1458 398 Ophi-

142 426 193 454 on
236 413 343 454 Plinii
382 412 605 465 exprimat,
656 409 906 450 certiffimum
950 410 1029 459 est,
1070 411 1326 463 Rupicapram
1369 422 1461 449 cor-

143 477 250 518 nibus
303 477 466 516 arietinis
515 474 586 514 effi:
637 473 900 514 Mufimoncm
983 483 1171 513 veterum.
1241 473 1458 526 Expimere

143 550 275 582 autem
312 539 576 580 Mufimonem
613 549 706 576 vero
737 536 790 575 est
839 536 1050 575 admodum
1105 535 1223 576 simile
1245 568 1255 586 ,
1304 537 1457 589 quando

141 606 295 656 quidem
335 600 474 643 Plinius
506 601 666 653 patriam
687 599 916 640 Mufimonis
947 597 1158 639 Sardiniam
1193 600 1264 638 ess'e
1298 600 1457 640 indicat.

143 663 325 720 Gesnerus
357 666 461 704 euim
497 675 518 702 a
550 662 672 704 Sardo
702 662 891 718 quodam,
921 664 1005 702 viro
1040 675 1115 702 non
1136 663 1317 703 illiterato
1337 696 1346 714 ,
1392 664 1458 705 fibi

143 730 374 770 affirmatum
417 727 522 767 fuiffe
564 727 718 780 scribit,
759 725 970 767 Sardiniam
1015 727 1113 766 alere
1147 726 1292 766 animal
1331 728 1455 781 quod-

136 794 256 843 dam,
290 792 393 846 quod
429 786 644 844 Muflonem
677 791 792 844 vulgo
813 800 989 843 vocent,
1022 791 1122 844 quod
1145 790 1325 844 nusquam
1361 790 1450 831 alibi

137 858 176 897 in
207 857 365 909 Europa
400 855 606 909 reperiatur
627 886 638 906 ,
682 855 784 909 pelle
819 863 859 894 et
894 854 979 908 pilis
1011 867 1125 895 cerno
1166 854 1286 895 simile
1309 886 1319 904 ‚
1365 867 1454 896 cor-

136 920 242 961 nibus
284 921 410 961 Arieti
432 951 442 971 ,
479 932 558 959 non
591 920 714 973 longis
736 952 746 971 ,
783 919 842 959 sed
874 929 976 960 retro
1007 916 1108 960 ’circa
1143 931 1248 959 aures
1276 919 1454 969 reflexis,

137 985 397 1037 magnitudine
441 985 646 1025 mediocris
687 984 787 1024 cerui
810 1014 821 1035 ‚
859 981 985 1024 herbis
1037 992 1181 1023 tantum
1218 983 1378 1035 vinens,
1413 983 1454 1024 in

137 1042 336 1089 montibus
368 1047 612 1101 asperioribus
650 1048 816 1100 degens,
851 1047 954 1087 cursu
998 1046 1254 1088 velocissimo.
1343 1046 1454 1104 Quid

136 1111 347 1152 distinctius
379 1111 456 1151 dici
491 1111 644 1163 potest,
680 1111 708 1149 sl
741 1110 822 1162 quis
861 1111 1028 1151 animalis
1064 1111 1356 1164 descriptionem
1396 1113 1456 1150 in·

136 1184 196 1214 ter
229 1174 430 1215 familiares
448 1173 621 1213 discursus
652 1171 764 1212 sicit?
798 1172 913 1212 Adeo
945 1185 1077 1213 verum
1111 1174 1189 1225 est,
1221 1175 1319 1226 quod
1354 1172 1451 1216 Ges-

135 1251 245 1279 nerus
277 1247 315 1276 et
344 1237 466 1277 Raius
485 1267 498 1287 ‚
530 1249 552 1275 e
585 1236 690 1275 cuius
723 1235 885 1286 Synopsi
917 1237 1216 1292 Qimdrnpedum
1254 1236 1318 1276 ista
1351 1234 1451 1277 Ges·

135 1302 283 1342 neriana
319 1299 452 1350 hausi,
505 1299 619 1339 nobili
654 1299 694 1338 in
738 1308 946 1338 creatorem
983 1311 1106 1338 rerum
1145 1311 1276 1338 amore
1318 1311 1451 1341 contra

135 1363 320 1416 Plinium,
354 1365 420 1418 qui
453 1363 499 1404 L.
556 1361 758 1404 XXVIII.
798 1361 850 1404 C.
883 1361 958 1403 IX.
997 1361 1161 1416 Ophion
1196 1363 1452 1404 interiiffear-

131 1430 306 1480 bitratur‚
339 1437 651 1482 propugnarunt,
695 1436 866 1466 naturam
902 1439 1026 1467 rerum
1072 1440 1208 1480 genera
1241 1437 1281 1466 et
1313 1429 1451 1481 species

130 1505 266 1534 omnes
299 1492 524 1533 animalium
558 1491 685 1532 sedulo
725 1490 874 1544 semper
914 1489 1147 1531 conseruare.
1180 1490 1449 1546 Tragelaphlts

130 1556 286 1599 Bellom'i
316 1556 480 1597 multum
521 1569 541 1595 a
592 1555 810 1596 Musimone
874 1555 1035 1605 diflert,
1088 1568 1165 1595 non
1207 1568 1412 1609 perparum
1444 1587 1455 1607 ,

132 1622 186 1662 vti
220 1617 402 1675 Gcsszerus
435 1632 486 1660 ex
518 1617 645 1673 effigie
680 1630 826 1659 tantum
863 1618 922 1659 sna
976 1618 1113 1658 do'his
1157 1619 1293 1670 sentit,
1344 1620 1447 1673 qnod

131 1685 397 1739 descriptiones
436 1683 589 1725 Bellonii
622 1693 659 1724 et
696 1694 825 1723 meam
877 1681 1090 1723 conserenti
1136 1683 1275 1736 patebit
1344 1682 1447 1724 Cum

131 1748 323 1791 Musimon
359 1750 398 1789 in
439 1748 622 1789 montosis
663 1745 833 1788 &hut-ae
867 1747 1000 1798 fluuii,
1049 1749 1085 1787 in
1121 1748 1255 1800 prii-wis
1291 1760 1327 1787 in
1365 1749 1453 1799 ingo

136 1816 361 1864 montium,
397 1812 584 1853 Stanowoi
619 1809 783 1853 Chrem
816 1811 923 1850 ditsto
945 1842 954 1859 ,
988 1822 1026 1850 et
1059 1813 1095 1850 in
1118 1810 1300 1850 montosis
1342 1810 1452 1863 snpe‘

133 1876 242 1915 rioris
277 1876 424 1916 Ononis
458 1877 498 1916 fl.
548 1877 740 1929 regionis,
774 1875 890 1913 ctiam
929 1874 1121 1922 versetur,
1154 1875 1284 1926 quibus
1317 1875 1354 1912 in
1392 1874 1455 1913 lo-

134 1939 186 1978 cis
222 1948 299 1977 tam
335 1951 355 1977 a
406 1939 551 1990 Ruffis,
609 1952 722 1993 quam
757 1950 778 1978 a
818 1938 1018 1987 Mougffls
1067 1948 1106 1977 et
1147 1935 1332 1990 Tungusis
1374 1938 1452 1976 Ar-

132 2002 204 2054 gali
243 2003 401 2040 nomine
443 2003 641 2055 salutatur,
694 2001 758 2044 Cl.
806 2000 1116 2055 MeJJeslchmidio
1163 2001 1261 2040 illius
1302 2002 1451 2040 ridendi

133 2066 245 2117 copia
295 2065 390 2103 ncta
444 2065 526 2116 est,
575 2068 750 2120 deditque
800 2067 872 2106 Vir
919 2064 980 2104 Cl.
1024 2076 1094 2103 tres
1148 2066 1224 2103 eiua
1276 2064 1454 2116 effigies,

131 2127 211 2170 fiius
240 2128 377 2181 rudes,
408 2141 563 2182 quarum
596 2143 667 2170 vna
703 2131 908 2171 masculum
942 2143 962 2170 a
999 2129 1114 2169 latete
1137 2162 1147 2181 ,
1201 2130 1315 2169 altera
1354 2140 1451 2167 tun-

1361 2191 1454 2229 dem
