2013 2703
534 151 626 196 366
664 145 756 189 DE
789 141 1231 189 COHAESIONE
1265 138 1691 183 SOLIDORVM

531 268 667 308 omnia
701 263 853 316 quidem
885 257 1013 299 adsunt
1045 256 1156 297 solida
1188 267 1228 297 et
1269 256 1380 296 fluida
1400 289 1411 309 ,
1457 270 1547 311 quae
1600 269 1807 301 momento

533 342 639 370 antea
673 328 826 367 aderant
859 325 897 362 in
931 323 1055 370 Viuo,
1089 319 1152 360 sed
1187 320 1307 361 vitalis
1340 319 1404 360 ista
1438 321 1550 360 virtus
1569 354 1580 373 ,
1612 336 1682 376 qua
1713 325 1750 362 iu
1771 323 1804 363 se

534 393 697 432 inuicem
730 396 875 438 agunt,
907 384 1052 438 periit3
1086 383 1175 424 hinc
1207 394 1246 423 et
1287 383 1407 423 tensio
1456 393 1496 423 et
1547 386 1715 425 torofitas
1767 386 1806 428 in

519 454 689 494 internis
706 460 821 502 aeque
841 480 852 501 ‚
877 460 991 501 quam
1011 447 1049 486 in
1067 448 1234 488 externis
1251 479 1261 498 ‚
1281 447 1451 500 inprimis
1470 448 1654 487 euacuatis
1672 448 1777 488 simul
1796 479 1809 500 ,

535 529 630 570 quae
648 514 848 562 sustinent,
883 511 1090 562 contentis,
1127 510 1256 550 abest:
1296 521 1396 563 patet
1415 511 1452 549 in
1470 510 1640 561 arteriis,
1675 510 1778 550 venis
1799 542 1811 562 ,

535 589 574 620 et
606 579 726 620 firmis
756 575 916 630 partibus
946 574 1218 615 continentibus
1237 603 1247 622 ,
1299 586 1391 626 quae
1423 575 1464 614 in
1513 584 1692 613 contenta
1713 606 1723 624 ,
1765 584 1815 614 *vt

535 644 572 682 in
607 642 780 683 continua
816 638 948 679 mollia
980 637 1134 691 quidem
1156 669 1166 687 ‚
1199 635 1258 676 sed
1277 637 1422 677 clastica
1444 663 1453 685 ,
1474 638 1614 678 fuerant
1633 635 1815 677 actuosae.

536 704 736 758 Exemplo
767 702 810 743 fit
842 701 962 742 vestca
992 701 1139 741 ratione
1173 700 1346 753 copiosae
1380 700 1506 740 vrinae
1539 700 1621 754 plus
1649 702 1815 741 minusue

538 769 723 817 extensa,
761 766 866 806 etin
897 765 991 805 viuo
1036 763 1145 818 plane
1195 775 1313 804 vacua
1360 763 1549 804 contracta
1602 773 1727 804 tamen
1778 772 1815 803 et

536 831 698 872 carnosa.
751 829 854 870 Haec
893 828 918 869 fi
970 829 1008 868 in
1059 828 1234 868 cadauere
1268 825 1390 880 prefl‘u
1439 837 1602 866 externo
1652 841 1673 867 a
1719 827 1818 866 lotio

539 903 738 934 euacuatur
757 923 768 944 ,
802 892 902 932 lintei
936 891 1046 931 instar
1078 890 1232 931 flaccida
1265 891 1393 939 iacet,
1431 889 1615 930 destructo
1649 890 1688 929 in
1715 889 1819 929 fibris

539 958 708 1005 clarere,
737 967 814 1009 quo
847 954 966 994 semet
998 954 1238 994 contrahunt.
1284 953 1415 1006 Ligata
1450 954 1487 992 in
1520 965 1610 993 cane
1661 952 1818 993 vretlira

540 1030 636 1075 potu
666 1018 826 1059 saturato
847 1048 857 1067 ,
891 1017 919 1057 si
951 1017 1056 1055 viuus
1087 1017 1261 1056 inciditur
1280 1047 1291 1066 ‚
1324 1015 1441 1055 vesica
1461 1016 1568 1068 plena
1587 1016 1676 1055 dura
1694 1047 1705 1067 ‚
1723 1016 1815 1056 dum

539 1096 605 1124 acu
675 1093 749 1121 non
808 1079 924 1119 nimis
983 1079 1088 1117 tenui
1153 1079 1363 1132 perforatur
1398 1110 1409 1129 ‚
1461 1079 1627 1119 eiusdem
1700 1077 1815 1119 fibrae

542 1145 609 1185 sele
642 1144 740 1184 circa
769 1142 906 1183 lotium
927 1141 1136 1182 extendens
1153 1141 1393 1193 aequabiliter
1417 1142 1646 1183 contrahunt
1668 1174 1678 1194 ,
1711 1153 1820 1195 atque

540 1207 628 1250 illud
661 1219 731 1262 per
762 1204 1017 1246 vulnusculum
1052 1218 1129 1245 non
1160 1204 1325 1245 resistens
1357 1205 1403 1245 ad
1437 1206 1675 1246 altitudinem
1710 1216 1818 1246 nota-

541 1271 656 1314 bilem
676 1303 686 1322 ,
717 1268 818 1323 quasi
854 1280 921 1321 pet·
955 1267 1154 1321 siphonem
1176 1300 1186 1318 ‚
1221 1268 1420 1321 expellunt
1455 1270 1500 1309 ad
1535 1271 1717 1322 integram
1746 1270 1819 1309 stre

541 1333 827 1378 euacuationem
878 1329 1104 1369 contrastare.
1188 1330 1348 1370 Interim
1383 1331 1458 1370 sunt
1493 1332 1670 1383 semper,
1723 1334 1814 1372 dum

543 1407 654 1452 agunt
674 1428 684 1448 ‚
719 1391 895 1436 extensae
916 1425 926 1445 ‚
947 1402 982 1432 et
1002 1393 1155 1446 quidem
1175 1424 1185 1442 ‚
1221 1406 1296 1445 quo
1316 1394 1463 1444 plenior
1482 1393 1598 1432 vesica
1617 1393 1670 1431 est
1693 1424 1703 1442 ,
1725 1406 1816 1444 quae

544 1463 659 1501 etiam
692 1456 886 1498 contratsta
921 1467 1000 1495 non
1036 1465 1114 1495 tum
1148 1455 1336 1494 flaccescit.
1370 1453 1414 1493 In
1447 1455 1670 1507 explicanda
1690 1458 1817 1495 vrinae

544 1522 785 1564 euacuatione
823 1518 1091 1572 physiologicis
1131 1517 1350 1557 lestionibus
1385 1517 1524 1557 solebat
1556 1518 1631 1557 hoc
1666 1519 1819 1570 experi-

545 1595 717 1628 mentum
752 1585 904 1623 recitare
941 1594 1095 1634 magnus
1130 1578 1404 1629 Bocrhaauius,
1447 1581 1544 1631 quod
1588 1594 1665 1620 non
1709 1580 1820 1620 semel

546 1648 752 1703 repetendo
786 1658 849 1686 me
883 1645 1038 1694 docuit,
1073 1657 1148 1697 quo
1185 1644 1289 1683 citius
1315 1669 1326 1691 ‚
1382 1643 1498 1682 incisis
1545 1644 1820 1683 continentibus

547 1709 850 1754 abdominalibus
873 1739 884 1759 ‚
920 1709 1146 1761 pertunditur
1180 1706 1331 1754 vesica,
1366 1706 1558 1745 comtum
1592 1709 1718 1746 vrinae
1745 1704 1819 1745 effe

549 1777 777 1822 fortiorem,
812 1774 902 1812 dum
939 1771 1165 1811 contrarium
1203 1769 1347 1809 obtinet
1382 1771 1415 1808 in
1450 1771 1596 1810 animali
1625 1771 1820 1809 [contuor-

551 1851 627 1880 tuo.
681 1837 810 1877 Sciunt
846 1847 960 1887 porro
993 1835 1200 1875 chrorcs
1231 1845 1280 1871 ex
1318 1833 1388 1872 scm
1422 1844 1634 1873 exenterata
1656 1866 1665 1884 ,
1701 1833 1821 1872 vinidi

555 1904 687 1942 viscera
721 1911 852 1939 carnea
889 1900 1067 1948 moueri,
1107 1898 1130 1937 st
1169 1909 1260 1935 vcro
1295 1909 1343 1935 cx
1379 1895 1624 1936 leniimoituo
1651 1898 1822 1936 animalis

547 1964 748 2006 abdomine
776 1961 991 2002 eximuntur
1009 1994 1019 2014 ,
1055 1960 1339 2000 membranacea
1360 1960 1604 2014 pelltzcel'cunt
1622 1971 1657 1999 ct
1678 1959 1825 2000 cxtcnlii

550 2027 719 2085 iquallida
737 2027 870 2067 iacent.

1720 2151 1822 2192 Sim-
