2013 2703
648 143 764 197 ”82³ss
797 154 823 184 0
860 144 976 198 &3³⁹5-
1365 154 1451 198 373

172 251 356 314 MVS
399 252 944 324 AQVATICVS
977 252 1456 316 EXOTICVS

462 372 707 418 CLVS.
775 375 1179 422 AVCTAR.

522 466 594 504 Rau
635 466 714 515 Syn.
754 467 920 517 Qadrup.
962 482 992 516 p.
1020 478 1104 510 217.

574 551 680 597 Ruff.
718 555 1070 616 BbixyXOAb

376 677 646 715 AVCTORE
674 678 743 716 10.
764 675 976 715 GEORG.
1002 674 1259 723 GMELIVN.

172 735 357 871 Tres
390 773 499 815 huius
528 778 675 829 generis
706 787 831 817 mures
863 788 885 816 a
918 774 1161 829 piscatoribus
1185 771 1463 816 Casanienfibus

334 838 508 879 obtinens
530 872 540 891 ‚
574 852 596 880 e
630 852 670 881 re
705 840 773 881 effe
811 841 934 891 duxi,
982 836 1274 891 descriptionem
1325 851 1461 878 eorum

164 903 380 950 adornare,
431 915 590 957 eamque
622 917 713 945 cum
748 904 834 947 Raii
869 914 906 944 et
939 901 1122 944 Sarrazini
1155 900 1464 956 descriptionibus

168 966 355 1007 conferre.

325 1029 477 1071 Omnes
523 1031 676 1071 masculi
743 1031 882 1071 coloris
924 1043 994 1083 per
1042 1039 1168 1069 totum
1218 1028 1371 1070 dorsum
1423 1040 1461 1070 et

170 1094 304 1147 capitis
333 1094 563 1148 superiorem
606 1103 754 1148 partem
810 1107 862 1133 ex
911 1095 1067 1133 cinereo
1115 1094 1333 1145 nigricantis
1364 1125 1374 1145 ‚
1424 1094 1462 1134 in

169 1167 303 1198 ventre
338 1169 388 1197 ex
424 1159 578 1198 cinereo
629 1158 802 1197 albentis.
889 1157 1064 1197 Odorem
1118 1157 1255 1209 spirant
1307 1155 1462 1197 Moschi

168 1221 478 1272 vehementem,
530 1232 646 1273 quem
689 1218 925 1269 difficulter,
976 1230 1146 1260 attamen
1180 1221 1256 1260 sine
1296 1221 1461 1274 deliquio

166 1285 298 1325 sustuli.
363 1282 569 1337 Conquesti
600 1283 679 1323 sunt
713 1285 760 1324 de
793 1284 926 1338 capitis
954 1284 1174 1334 doloribus,
1210 1285 1270 1336 qui
1304 1297 1459 1324 mecum

169 1348 207 1388 in
241 1347 477 1402 hypocausto
510 1357 615 1388 erant
636 1379 647 1398 ,
683 1360 779 1401 quos
812 1358 851 1388 et
884 1358 989 1399 ego,
1023 1346 1119 1387 leues
1148 1356 1310 1398 tamen,
1354 1348 1454 1400 (ensi.

166 1409 270 1451 Cum
305 1411 380 1452 sola
424 1412 718 1465 magnitudine,
773 1422 811 1452 et
862 1424 1002 1466 parum
1049 1411 1206 1465 quidem
1258 1410 1460 1461 diffiniat,

169 1475 387 1514 maximum
422 1485 566 1515 tantum
599 1475 823 1516 describam.

319 1538 421 1577 Tota
453 1536 655 1590 longitudo
702 1539 756 1579 est
815 1553 832 1578 1
889 1539 975 1593 ped.
1026 1538 1157 1581 Rhen.
1211 1552 1234 1577 2
1260 1541 1310 1588 ἧς
1361 1539 1457 1593 poli.

172 1596 346 1640 Cauda6
367 1605 398 1649 ῖς,
432 1601 525 1654 poll.
561 1611 703 1655 aequat.
740 1600 866 1658 Caput
900 1616 973 1657 pro
1004 1604 1111 1644 mole
1153 1605 1322 1656 corporis
1365 1602 1456 1643 [itis

171 1676 332 1718 paruum
353 1697 362 1715 ‚
398 1666 435 1704 in
466 1665 625 1706 rostrum
661 1665 763 1707 suillo
794 1669 997 1721 analogum
1017 1697 1031 1718 ,
1064 1667 1161 1706 vltra
1197 1673 1214 1716 ξ
1245 1667 1342 1720 poll.
1369 1666 1457 1706 Ion-

170 1739 260 1780 gum
281 1760 290 1777 ,
326 1728 363 1766 in
389 1730 631 1770 extremitate
658 1731 754 1770 vltra
781 1737 797 1782 -ξ
823 1732 915 1786 poll.
952 1732 1068 1770 latum
1092 1761 1104 1781 ,
1134 1730 1281 1770 definit.
1322 1730 1458 1772 Ric‘tus

168 1791 283 1830 latera
317 1791 440 1842 villis,
484 1792 541 1832 seu
574 1795 699 1846 potius
729 1795 840 1848 setis,
891 1795 1127 1845 albentibus,
1176 1795 1320 1834 circum
1356 1795 1455 1835 circa

171 1864 365 1895 ornantur.
432 1853 580 1896 Dentes
612 1857 718 1911 sunt,
770 1871 814 1899 vt
865 1859 905 1899 in
936 1859 1089 1911 reliquis
1137 1857 1245 1897 huius
1291 1859 1453 1910 generis.

171 1919 369 1959 Auriculas
389 1951 398 1968 ,
430 1919 517 1958 licet
547 1931 703 1961 omnem
738 1923 969 1977 diligentiam
989 1921 1224 1962 adhibuerim
1250 1953 1262 1973 ‚
1290 1921 1454 1962 inuenire

169 1995 248 2022 non
284 1983 406 2035 potui.
473 1983 598 2024 Retro
647 1985 775 2026 oculos
826 2000 924 2027 vero
973 1987 1012 2025 in
1063 1985 1231 2025 distanti-i
1276 1987 1326 2033 ³¹23
1360 1986 1454 2039 poli.

167 2045 254 2086 ioco
274 2079 285 2098 ,
334 2047 374 2085 in
409 2058 484 2100 quo
516 2048 698 2089 auriculae
732 2051 823 2091 alias
853 2052 1054 2092 adhaerere
1086 2049 1201 2089 spicat
1222 2081 1233 2100 ‚
1285 2051 1380 2089 rima
1414 2050 1451 2088 in

167 2119 258 2152 cute
288 2120 449 2165 apparet
469 2143 481 2162 ,
513 2116 553 2163 4‘
578 2112 647 2151 lin.
681 2113 795 2169 longa
814 2125 854 2156 ct
884 2131 904 2157 1
937 2117 1011 2156 lata
1030 2146 1040 2166 ,
1084 2125 1178 2169 quae
1212 2113 1259 2153 ad
1281 2124 1450 2153 meatum

1348 2175 1455 2215 audi·
