2013 2703
188 137 471 187 LsszvrtssVs
505 138 582 185 Εἰ·
609 136 1087 186 THERMOMETRIS
1116 137 1320 187 mmm.
1359 155 1445 198 279

152 261 385 302 dilatationis
414 261 558 313 argenti
591 260 671 300 viui
703 260 807 314 supet
838 260 1098 302 dilatationem
1132 273 1153 303 a
1186 262 1311 304 calore
1352 274 1447 304 con-

153 325 263 366 stanti
296 325 418 375 datis,
452 326 619 364 excessus
650 325 784 366 caloris
815 324 1083 379 respondentes
1133 326 1241 380 super
1272 329 1443 371 eundem

151 390 318 431 calorem
351 389 509 429 inueniri
542 390 705 443 poffent.

271 516 306 565 5.
342 530 384 567 4.
421 515 474 556 Vt
506 517 599 559 haec
629 518 680 557 ita
715 516 1037 570 repraesententur
1057 549 1069 569 ‚
1104 527 1150 559 vt
1167 520 1285 560 vnico
1304 519 1445 562 obtutu

151 579 369 634 patescant,
403 581 512 621 liceat
545 581 765 621 breuissimis
798 580 968 620 formulis
985 582 1084 622 dieta
1103 583 1444 636 comprehendere.

152 646 346 686 Pon-antur
377 643 548 685 exceffus
579 644 807 685 dilatationis
844 642 912 684 D:
947 646 1001 697 d,
1042 647 1142 686 vires
1174 647 1220 687 ad
1256 648 1444 688 vnionem

151 709 347 764 particulas
377 718 556 762 cogentes
575 741 585 760 ,
616 721 711 763 quae
741 707 972 761 respondent
1005 710 1074 750 A:
1108 723 1136 752 a
1156 743 1166 763 ,
1200 710 1366 752 excessus
1382 723 1440 752 ca-

150 788 239 830 loris
273 789 539 843 respondentes
557 787 610 831 C:
642 803 673 830 c.
698 786 872 829 EritD:
905 789 928 828 d
964 774 1112 841 :—}:
1172 781 1436 844 -2-311incA:

150 851 1142 895 ade:DcetC:c.-:AD:ad.

266 980 300 1032 §-
340 993 380 1031 ς.
415 981 620 1036 Fingamus
639 1015 650 1033 ,
701 982 779 1025 duo
809 981 1112 1024 Thermometra
1143 979 1312 1037 perfec‘te
1360 981 1440 1025 har-

150 1047 306 1086 monica
340 1047 447 1086 nullo
479 1046 581 1086 affici
610 1046 735 1086 calore
754 1055 793 1086 et
811 1047 978 1087 absolute
1010 1047 1142 1099 frigida
1178 1046 1255 1087 effe
1274 1079 1285 1098 ‚
1319 1060 1439 1101 expo-

152 1110 261 1164 nique
296 1111 404 1150 radiis
437 1109 626 1160 solaribus,
663 1121 827 1163 quorum
861 1108 1052 1149 efficaciae
1070 1110 1141 1149 sint
1174 1110 1385 1151 constanter
1403 1113 1441 1151 in

151 1175 296 1214 ratione
330 1175 415 1214 data
435 1202 446 1222 ,
480 1173 625 1214 calores
643 1202 654 1223 ‚
673 1185 765 1227 quos
785 1171 1017 1226 tempusculo
1034 1184 1150 1225 paruo
1167 1172 1258 1212 radii
1279 1173 1318 1212 in
1340 1186 1440 1214 mer·

152 1239 257 1277 curio
288 1238 501 1291 producent
520 1270 530 1289 ‚
564 1247 672 1277 erunt
705 1238 744 1276 in
776 1238 908 1277 eadem
950 1237 1098 1276 ratione
1147 1236 1234 1276 data
1256 1266 1267 1285 ‚
1319 1247 1356 1276 et
1389 1238 1441 1279 ita

150 1301 286 1341 crestet
319 1301 446 1342 sensim
478 1301 582 1340 calor
629 1299 1014 1339 Thennometrorum
1035 1331 1046 1350 ,
1098 1299 1223 1338 donec
1272 1301 1440 1342 oriantur

147 1365 311 1416 calores,
344 1366 407 1418 qui
443 1376 520 1403 non
555 1364 680 1418 augeri
713 1363 864 1417 possunt
882 1363 1036 1403 vlterius
1053 1361 1224 1402 efficacia
1243 1365 1440 1406 mdiorum

146 1427 335 1468 solarium.
399 1426 502 1468 Cum
534 1430 639 1468 enim
676 1428 910 1467 incrementa
952 1426 1093 1478 singula
1144 1426 1317 1466 calorum
1371 1428 1441 1468 fint

146 1492 185 1531 in
218 1493 366 1533 ratione
395 1498 499 1543 data,
531 1493 703 1532 summae
736 1492 1059 1531 incrementorum
1081 1492 1117 1530 in
1137 1490 1271 1531 eadem
1294 1492 1440 1532 ratione

149 1565 259 1594 erunt
278 1585 289 1602 ,
320 1565 359 1595 et
390 1555 531 1596 calores
560 1556 598 1595 in
631 1555 945 1596 Thermometris
977 1554 1156 1608 producti
1193 1563 1303 1595 erunt
1346 1569 1439 1609 pto-

150 1618 382 1669 pottionales
415 1619 594 1660 efficaciis
624 1620 814 1661 radiorum
842 1619 1028 1659 solarium.
1067 1618 1168 1658 Pone
1203 1620 1407 1671 aequaliter
1426 1653 1436 1672 ‚

148 1683 207 1720 {ed
241 1682 394 1721 relatiue
426 1682 558 1736 frigida
590 1682 658 1724 effi}
691 1683 993 1724 Thermometra
1016 1713 1026 1732 ‚
1061 1692 1104 1721 vt
1142 1684 1178 1721 in
1199 1683 1327 1722 umbra
1356 1684 1434 1724 col-

154 1744 275 1785 iocata
308 1745 379 1785 effe
413 1746 562 1800 solent,
597 1756 636 1788 et
668 1749 813 1802 exponi
858 1747 965 1787 radiis
1016 1746 1194 1785 solatiius
1216 1778 1226 1795 ‚
1277 1759 1435 1798 quarum

151 1807 342 1849 efficaciae
376 1808 444 1849 sint
479 1811 516 1850 in
549 1812 694 1853 ratione
726 1812 832 1861 data,
865 1811 995 1850 eadem
1019 1811 1347 1862 argumentatione
1367 1823 1436 1863 pa-

151 1880 233 1923 tet,
266 1872 433 1914 exceffus
464 1873 595 1915 caloris
627 1877 663 1916 in
712 1875 1022 1915 Thermomettis
1074 1871 1279 1925 productos
1332 1873 1436 1927 super

150 1937 340 1988 calorem,
358 1949 471 1991 quem
494 1937 601 1979 initio
617 1939 824 1980 habuerunt
846 1970 857 1990 ‚
892 1938 964 1978 siue
992 1937 1166 1977 relatinos
1184 1936 1328 1976 calores
1362 1938 1434 1978 effe

151 2001 285 2040 debere
320 2002 357 2040 in
392 2001 538 2040 ratione
569 2002 822 2044 efficaci-arum
856 2003 1045 2044 radiorum
1083 2001 1254 2042 mianum
1276 2001 1433 2055 ,quibus

152 2064 451 2108 Thermometra
482 2063 706 2111 afficiuntur.

1315 2194 1351 2241 §-
1386 2196 1430 2235 6,
