2013 2703
702 157 737 219 l(
769 161 823 211 6⁵
861 156 895 218 l(

141 293 373 339 meriturum
409 288 517 335 fuisse
540 323 552 344 ‚
602 298 647 331 vt
677 291 725 332 ab
757 290 939 332 omnibus
972 288 1233 345 vsurparetur.
1300 290 1375 336 Sed
1409 292 1485 337 alia

138 361 312 416 quaestio
342 360 427 411 est,
461 372 552 400 num
588 353 957 409 Kamtschedalorum
993 368 1143 397 nomeu
1165 390 1176 410 ,
1211 361 1394 402 omnibus
1420 359 1487 401 vsu

141 434 344 481 receptum
368 457 378 473 ,
415 424 517 466 nulla
538 432 698 475 vrgente
720 419 934 462 necestitate
954 452 965 473 ,
1001 422 1257 464 reficiendum
1272 458 1282 476 ,
1302 436 1338 466 et
1377 425 1488 478 igno-

143 500 226 532 tum
264 503 410 531 nouum
443 487 712 529 addiscendum
747 475 1055 538 fitz'Pleraeque
1086 498 1228 539 ⁴gentes
1267 489 1307 529 in
1348 489 1484 535 Sibiria

142 555 298 611 gentilia
333 554 404 594 alia
439 555 599 594 nomina
635 548 897 604 profitentur,
933 561 1049 602 quam
1086 551 1191 592 Ruffi
1225 553 1312 607 ipfis
1340 554 1480 596 tribue·

144 632 186 661 re
219 619 354 660 solent.
421 620 532 659 Haec
563 614 776 669 sergoffpati
810 613 937 666 modo
972 613 1217 656 immutanda
1244 618 1371 660 effcnt.
1411 620 1482 661 Ast

141 694 238 738 quae
289 694 365 722 non
397 681 483 722 inde
524 680 689 720 oriretur
731 673 941 720 confusio?
987 675 1190 720 Mittimus
1224 694 1316 736 ergo
1358 683 1480 726 Itael-

144 758 295 797 menos,
330 755 398 797 et,
433 754 478 785 vt
509 744 643 785 melius
677 742 973 797 intelligamur,
1018 741 1254 798 loquamur,
1302 747 1329 789 fi
1370 760 1483 790 occa.

140 809 197 852 fio
229 809 321 852 feret
335 839 354 866 ,
383 809 431 854 de
464 802 781 863 Kamtsthedalis.

756 933 833 1000 vi.

144 1062 585 1125 Obseruationes
649 1062 1148 1145 Meteorologicae
1202 1085 1484 1128 annorum

141 1146 434 1212 clocchiv
475 1182 496 1190 -
519 1181 540 1189 -
561 1147 902 1207 clocchvn
931 1169 1066 1206 cum
1131 1151 1484 1213 animaduer-

437 1230 685 1291 fionibus
729 1242 793 1289 et
846 1232 1212 1293 consefiariiS.

232 1314 499 1381 Αυξὶοῑε
554 1315 658 1397 Iqss
700 1315 816 1379 Ad.
859 1315 1112 1379 Braumv
1153 1339 1210 1403 p.
1259 1340 1402 1405 429.

146 1467 361 1564 Solemne
403 1468 476 1511 esse
510 1469 752 1512 Academi-ac
773 1505 784 1525 ,
830 1472 1115 1515 obseruationes
1166 1475 1490 1530 meteorologicas

235 1535 426 1575 instituere
449 1565 462 1587 ‚
517 1535 699 1576 institutas
729 1537 829 1577 inter
863 1538 897 1577 se
931 1538 1106 1580 conferre
1128 1570 1140 1593 ,
1193 1540 1345 1581 collatas
1395 1552 1487 1581 con-

145 1598 316 1641 sectariis
347 1598 523 1640 illustrare
543 1631 555 1652 ,
607 1599 805 1641 illustratas
836 1601 913 1642 luci
948 1603 1125 1658 publicae
1157 1616 1354 1659 exponere
1374 1638 1384 1656 ‚
1438 1616 1489 1645 ex

146 1662 339 1704 veteribus
373 1660 680 1705 Commentariis
697 1666 810 1706 cuiuis
837 1666 989 1708 abunde
1021 1668 1152 1722 liquet.
1222 1668 1293 1710 Ast
1328 1668 1488 1710 vltimae

148 1726 444 1778 obseruationes,
479 1729 518 1768 in
553 1729 692 1769 Tomo
727 1729 830 1770 XlV
864 1730 960 1773 Vet.
999 1730 1164 1773 Comm.
1209 1734 1312 1788 typis
1345 1733 1490 1773 exscri-

149 1801 237 1844 ptae
257 1824 268 1844 ,
301 1789 439 1833 finiunt
475 1802 641 1834 exeunte
675 1806 776 1833 anno
815 1803 959 1846 1743,
992 1798 1055 1850 qui
1094 1797 1251 1838 vltimus
1283 1797 1336 1837 est
1366 1830 1377 1849 ,
1410 1809 1488 1850 quo

94 1859 101 1864 '
152 1852 344 1909 Krafftius
376 1855 428 1896 V.
463 1854 526 1897 Cl.
562 1857 638 1898 hoc
673 1858 803 1897 labore
837 1860 1014 1911 vacanst,
1039 1871 1077 1901 et
1095 1862 1240 1901 etiamsi
1274 1862 1358 1915 post
1385 1860 1490 1902 huius

152 1915 302 1956 abitum
334 1931 413 1959 non
447 1919 658 1972 defixerint,
693 1922 754 1974 qui
790 1922 1077 1964 obseruationes
1096 1926 1389 1977 continuarent,
1425 1938 1487 1966 ne·

152 1991 223 2022 mo
257 1990 387 2020 tamen
418 1995 548 2025 curam
587 1985 861 2039 publicationis
903 1989 940 2028 in
984 1988 1014 2029 ste
1060 1989 1247 2044 suscepit,
1290 2001 1491 2043 antequam

153 2042 337 2086 Brdunius
372 2043 426 2083 V.
462 2045 521 2087 Cl.
562 2050 625 2102 qui
659 2059 699 2090 et
742 2051 817 2103 ipse
861 2051 908 2092 ab
945 2065 978 2092 n.
1023 2063 1154 2102 1751.
1191 2056 1285 2094 aeris
1320 2065 1357 2094 et
1392 2065 1491 2095 tem-

152 2108 341 2163 pestatum
378 2111 607 2152 mutationes
641 2113 768 2154 sedulo
799 2118 999 2157 annotauit
1026 2149 1037 2169 ‚
1078 2117 1165 2158 huic
1201 2118 1321 2160 labori
1357 2122 1391 2159 ic
1426 2131 1493 2158 ac-

150 2173 334 2228 cingeret.
401 2170 724 2218 communicatae
761 2191 852 2220 cum
895 2180 965 2223 illo
1011 2193 1067 2224 ex
1126 2181 1310 2225 tabulario
1361 2183 1494 2224 acade-

782 2254 799 2285 ι
1371 2256 1479 2286 mico
