2013 2703
559 117 648 157 ¹¹4·
923 95 1478 146 ELEMENTA

550 234 659 275 lineis
694 232 734 272 in
767 240 900 284 genere
942 228 1098 281 proferri
1147 226 1279 268 solent.
1356 226 1484 269 Maior
1523 239 1649 272 autem
1692 231 1849 275 istarum

551 310 677 342 rerum
700 327 711 347 ,
744 307 830 347 quas
863 294 901 332 in
936 291 1055 332 solidis
1088 290 1328 345 spectamus,
1361 303 1534 334 numerus
1570 296 1690 349 plures
1729 299 1850 339 etiam

552 361 804 414 proprietates
837 357 1026 408 generales
1063 353 1345 411 suppeditabit,
1376 368 1492 411 quam
1530 359 1570 400 in
1587 358 1712 413 figuris
1726 361 1851 416 planis

551 422 680 464 locum
711 419 920 462 inueniunt.

669 551 707 599 §-
750 561 818 598 19.
854 549 958 605 Quas
991 548 1266 602 proprietates,
1300 561 1388 590 cum
1423 562 1543 590 nemo
1577 561 1744 601 eorum,
1785 550 1855 603 qui

553 610 865 657 stereometriam
890 613 1141 653 tract-„ruerunt
1160 644 1170 663 ,
1201 611 1274 652 fere
1309 615 1474 666 attigerit
1494 646 1504 664 ‚
1539 626 1698 666 operam
1732 614 1857 666 dabo,

554 687 600 720 vt
639 678 666 721 ss
697 690 777 719 non
809 689 970 728 omues,
1003 686 1133 716 tamen
1164 677 1383 730 praecipuas
1411 679 1448 716 iu
1467 677 1635 718 medium
1667 675 1823 718 afferam
1842 709 1855 729 ,

556 750 667 796 atque
708 741 1087 783 demonstrationibus
1124 739 1370 780 confirmem.
1436 742 1548 796 Quod
1582 753 1631 781 eo
1664 743 1857 782 maiorem

557 805 764 846 vtilitatem
797 804 1011 844 habiturum
1043 803 1216 854 videtur,
1252 817 1340 844 cum
1365 804 1443 844 sme
1477 804 1607 844 harum
1643 804 1856 856 proprieta-

556 878 641 909 tum
676 869 890 922 cognitione
921 867 1093 909 dosttina
1124 866 1321 908 solidorum
1354 867 1571 921 neutiquam
1592 879 1681 906 cum
1699 866 1856 908 succeffu

558 933 709 975 tracstan
743 940 868 987 queat.

675 1062 710 1107 §-
758 1071 827 1098 20.
873 1057 939 1097 Eo
981 1055 1105 1108 magis
1142 1055 1255 1107 igitur
1283 1054 1426 1095 merito
1459 1054 1603 1097 mirum
1635 1053 1858 1108 videbitur,

560 1122 659 1176 quod
689 1134 778 1162 cum
812 1120 938 1174 prima
969 1116 1221 1160 Geometriae
1239 1119 1373 1172 planae
1407 1118 1596 1159 elementa
1630 1119 1707 1160 iam
1740 1129 1859 1160 atam

558 1186 676 1239 longo
708 1183 897 1238 temporis
930 1182 1131 1223 interuallo
1163 1183 1279 1222 omni
1312 1195 1400 1222 cura
1434 1183 1503 1222 fint
1541 1183 1731 1224 elaborata
1759 1214 1770 1231 ,
1815 1194 1859 1223 ac

559 1251 752 1304 perspicue
793 1245 969 1299 exposita
992 1278 1003 1296 ,
1044 1246 1169 1298 prima
1214 1245 1314 1297 quas»
1342 1244 1632 1287 Stereometriae
1670 1246 1860 1286 elementa

560 1313 676 1352 tantis
709 1310 828 1351 adhue
859 1309 1022 1349 tenebris
1039 1308 1106 1348 smt
1140 1307 1330 1358 inuoluta,
1366 1319 1561 1362 nemoque
1590 1309 1696 1350 merit
1728 1311 1862 1351 inuen-

561 1383 619 1417 tus
641 1407 654 1428 ,
689 1376 753 1430 qui
784 1385 828 1414 ea
864 1374 904 1413 in
938 1372 1065 1412 lucem
1098 1370 1318 1426 protrahere
1350 1370 1392 1411 fit
1431 1382 1600 1412 conatus.

853 1496 1457 1545 PROPOSITIO
1518 1496 1553 1537 1.

682 1598 718 1647 §.
758 1609 828 1637 ει.
862 1596 904 1638 ln
935 1598 1058 1654 quouis
1070 1592 1181 1648 solido
1199 1607 1365 1636 numerus
1383 1594 1542 1635 omnium
1560 1592 1724 1633 acierum
1739 1588 1857 1648 estse·

564 1661 676 1712 miffis
706 1661 844 1702 numeri
877 1665 1030 1704 omnium
1063 1658 1271 1713 angulorum
1300 1658 1492 1714 planorum
1513 1691 1522 1707 ,
1556 1660 1616 1711 qui
1649 1659 1686 1700 in
1727 1658 1863 1700 cunctis

566 1723 691 1767 hedris
721 1725 895 1768 ambitum
925 1728 1004 1768 eius
1033 1722 1319 1782 corylituentihus
1361 1723 1605 1778 reperiuntur.

802 1848 1613 1894 DEMONSTRATIO.

659 1946 860 2004 Quaelibet
888 1948 985 1988 acies
1019 1947 1059 1986 in
1099 1946 1246 1987 ambitu
1290 1945 1394 1987 solidi
1435 1945 1619 1986 formatur
1659 1955 1681 1984 a
1719 1943 1866 1985 duobus

566 2012 741 2054 lateribus
768 2012 925 2051 duarum
957 2010 1159 2051 hedrarum
1183 2042 1193 2061 ‚
1233 2020 1271 2050 et
1311 2024 1398 2051 cum
1442 2010 1535 2049 inter
1575 2008 1707 2048 omnia
1750 2009 1862 2047 latera

566 2076 789 2119 cunctarum
820 2074 1022 2117 hedrarum
1058 2075 1142 2116 bina
1173 2074 1375 2118 coniuncta
1407 2073 1562 2128 singulas
1593 2072 1689 2113 acies
1724 2069 1860 2110 consti-

1729 2142 1863 2184 mant,
