2013 2703
170 160 803 213 PROPRIETATVM
845 160 1482 223 SOLIDORVM.137

286 304 454 361 Quando
488 318 582 360 ergo
616 305 689 346 hoc
727 306 851 347 modo
884 306 929 348 ad
951 307 1194 361 pyramidem
1215 309 1483 370 triangularem

166 369 392 412 deuenietur
423 403 433 421 ,
476 372 512 411 in
563 384 634 424 qua
680 384 853 411 numerus
903 373 1127 426 angulorum
1178 374 1378 417 rolidomm
1430 374 1484 415 est

167 448 223 475 z
245 449 274 485 4
291 464 301 483 ,
339 447 515 476 numerus
534 435 736 477 hedrarum
758 449 804 475 :z
829 451 859 486 4
875 469 885 486 ,
915 448 952 477 et
972 451 1149 478 numerus
1167 439 1333 479 acierum
1356 452 1407 479 z
1433 443 1462 477 6
1475 478 1485 492 ,

163 499 217 538 ita
252 508 294 538 vt
328 499 495 540 excessus
529 502 680 540 numeri
715 502 882 540 acierum
917 503 1022 554 {upra
1047 514 1250 543 numerum
1280 501 1484 544 hedrarum

164 563 304 602 futurus
337 564 378 604 fit
418 577 472 603 Ξ
509 577 531 602 2
558 578 568 616 3
616 565 770 603 euidens
804 564 853 602 est
875 596 885 613 ‚
921 565 947 604 sr
983 564 1050 604 fiat
1083 564 1108 605 S
1130 587 1170 592 —
1191 579 1287 606 n:
1309 587 1338 617 4
1360 601 1369 618 ,
1405 567 1485 608 fore

165 628 204 667 A
227 649 266 654 —
288 627 325 667 H
348 650 389 656 —
406 640 548 668 71:32.
573 627 666 666 Inde
684 639 775 679 ergo
793 626 844 665 cst
866 639 888 666 n
909 626 1112 679 :8-4,
1134 629 1222 669 hinc
1243 642 1340 670 vero
1360 643 1383 670 n
1401 633 1483 672 :A

166 713 207 720 -
228 692 264 732 H
285 712 326 718 —
350 690 750 745 23s1cquehabctur
769 690 885 742 S-—4
905 706 955 733 Ξ
979 692 1016 732 Α
1037 716 1075 722 -
1096 694 1134 734 H
1156 717 1192 725 --
1215 707 1239 732 ς’.
1258 694 1484 745 ‚seuH-l-S

163 756 335 802 :A÷
359 769 416 805 23
453 755 556 795 vnde
601 755 776 807 constat,
820 756 856 795 in
899 757 1008 797 omni
1048 757 1164 799 solido
1203 757 1330 799 hedris
1363 760 1487 814 planis

162 820 303 861 incluso
354 833 558 861 numerum
608 820 813 861 hedrarum
848 821 884 861 H
920 834 996 862 vna
1029 835 1114 863 cum
1149 836 1311 864 numero
1327 823 1484 878 angulo-

162 897 246 924 rum
282 885 486 925 solidorum
521 884 547 926 S
583 884 727 925 binario
760 888 932 939 superare
965 899 1168 928 numerum
1204 890 1372 928 acierum
1427 891 1481 931 A,

163 949 403 1006 QF.D.

553 1019 1083 1064 SCHOLION.

291 1129 361 1165 19.
398 1115 683 1157 Demonstratis
718 1128 810 1168 ergo
830 1115 889 1155 his
908 1117 1233 1158 Theorematibus
1252 1149 1272 1170 ‚-
1289 1120 1484 1161 elementa

164 1178 462 1221 Stercometriae
483 1213 492 1231 ‚
526 1192 621 1233 quae
655 1192 738 1219 ante
772 1181 922 1233 aliquod
958 1192 1108 1234 tempus
1155 1182 1376 1235 explicatu,
1417 1185 1485 1226 fir·

166 1245 340 1285 millimis
371 1245 756 1284 demonstrationibus
790 1244 869 1283 suut
900 1246 1050 1284 munita
1073 1279 1082 1295 ,
1116 1246 1165 1285 ita
1203 1256 1247 1286 vt
1280 1249 1487 1291 elementis

163 1308 416 1351 Geometriae
451 1307 547 1347 nihil
582 1307 695 1359 plane
729 1308 955 1347 concedant.
1002 1308 1149 1348 Verum
1188 1312 1313 1362 prima
1334 1322 1483 1356 tantum

162 1372 468 1414 Stereomctriae
505 1371 692 1411 elementa
738 1371 787 1411 fic
830 1373 869 1411 iu
917 1374 1090 1413 medium
1135 1373 1290 1415 attulisse
1334 1375 1484 1431 fateor,

160 1436 293 1490 quibus
337 1436 429 1476 hacc
470 1436 618 1476 scientia
656 1435 807 1476 vlterius
838 1436 1052 1477 excolenda
1084 1437 1281 1490 superstrui
1315 1441 1482 1483 debeat:

161 1502 306 1554 quippe
340 1513 435 1553 quae
464 1501 647 1553 plurimas
684 1500 888 1554 praeclaras
928 1513 1139 1555 corporum
1180 1502 1405 1545 affectiones
1446 1507 1484 1547 in

162 1567 198 1604 ie
234 1564 532 1617 cmnpleststur,
568 1578 659 1617 quas
700 1565 821 1606 adhuc
865 1567 1032 1605 omuino
1074 1567 1308 1620 ignoramus.
1380 1568 1483 1611 Cum

162 1640 293 1668 autem
331 1632 508 1682 cuiusque
541 1628 644 1670 {olidi
681 1629 865 1683 propositi
901 1630 1070 1671 soliditas
1101 1632 1228 1684 quaeri
1251 1633 1396 1686 soleat,
1417 1648 1487 1676 co-

163 1693 310 1733 ronidis
340 1693 427 1732 loco
448 1693 609 1734 modum
631 1697 778 1735 tradam
803 1728 814 1748 ,
848 1695 1071 1735 soliditatem
1094 1697 1251 1737 cuiusuis
1279 1701 1490 1751 pyramidis

164 1757 396 1810 triangularis
426 1758 637 1798 inueniendi
661 1774 673 1813 3
708 1772 798 1799 cum
836 1762 942 1799 enim
965 1759 1113 1812 pumsto
1133 1773 1359 1815 quocunque
1388 1764 1487 1805 intra

162 1821 320 1861 (blidum
363 1821 487 1860 hedris
534 1823 653 1877 planis
702 1822 884 1863 inclusum
931 1821 1128 1875 assumto,
1161 1823 1317 1865 solidum
1353 1828 1389 1866 in
1426 1837 1489 1869 tot

166 1886 390 1939 pyramides
424 1886 622 1927 resoluatur
643 1921 653 1938 ,
685 1898 780 1942 quot
817 1887 931 1927 habet
965 1887 1100 1927 hedras
1121 1921 1131 1940 ‚
1166 1888 1258 1930 dum
1297 1890 1488 1944 quaelibet

167 1950 285 1990 hedra
325 1949 427 1989 basin
461 1953 667 2003 pyramidis
699 1953 890 1993 constituit
910 1986 920 2005 ,
957 1953 1109 2006 quaeuis
1142 1965 1268 1994 autem
1298 1958 1488 2009 pyramis,

166 2015 272 2055 cuius
307 2013 400 2054 baslS
434 2027 512 2055 uon
546 2016 597 2056 est
631 2017 867 2071 triangularis
889 2050 899 2068 ,
937 2017 1045 2057 facile
1078 2018 1119 2057 in
1154 2020 1380 2072 pyramides
1417 2020 1486 2061 tri-

164 2080 361 2132 angulares
395 2078 632 2133 rcsoluatur3
668 2081 820 2132 sufficit,
857 2083 1069 2135 pyramidis
1103 2083 1334 2137 triangularis
1357 2084 1487 2124 solidi·-

165 2152 284 2185 tatem
303 2142 500 2186 inueniffe.
540 2144 648 2202 Qlae
665 2159 750 2186 cum
789 2146 1003 2189 obtineatur
1023 2180 1034 2201 ,
1067 2147 1094 2191 si
1127 2148 1218 2190 basis
1233 2160 1304 2203 per
1325 2150 1482 2189 tertiam

784 2209 821 2249 V
859 2223 885 2261 3
1326 2222 1478 2267 partem
