2013 2703
289 147 779 198 DOCTRINAE
821 145 1325 197 SOLIDORVM.
1365 167 1443 206 ης

147 293 257 328 tuant
284 318 295 337 ,
328 283 566 326 manifestum
626 282 678 323 est
726 294 936 324 numerum
972 282 1140 324 acierum
1173 287 1350 328 omnium
1385 290 1455 331 effe

153 347 348 391 semissem
383 349 530 389 numeri
564 348 742 388 omnium
774 347 948 388 laterum.
1017 350 1074 389 At
1106 362 1284 392 numerus
1328 355 1452 394 omni-

151 428 219 455 um
256 414 416 454 laterum
451 412 612 466 aequalis
641 413 695 453 est
729 424 892 452 numero
912 413 1092 453 omnium
1126 415 1348 468 angulorum
1376 418 1455 471 pla-

150 490 293 519 norum
314 511 326 529 ,
357 479 440 532 quia
474 478 622 530 quacuis
650 476 770 516 hedra
802 485 861 516 tot
895 476 1010 516 habet
1043 479 1199 530 angulos
1240 491 1332 533 quot
1366 482 1454 521 late-

154 556 208 583 ra.
276 543 385 596 Ergo
419 553 598 581 numeru-3
630 542 794 579 acierum
829 550 979 591 quoque
1020 538 1173 579 serniffis
1213 543 1267 581 est
1305 547 1454 585 numeri

156 607 334 649 omniurn
371 604 591 658 angulorum
628 602 826 654 planorum
846 634 857 652 ,
892 602 956 655 qui
989 603 1029 641 in
1062 604 1205 645 cunCtis
1237 604 1362 647 hedris
1376 620 1455 649 am-

156 672 278 713 bitum
318 669 421 709 solidi
462 665 768 707 constituentibus
805 667 1059 719 reperiuntur.
1124 669 1177 724 Q.
1216 670 1263 711 E.
1305 670 1362 713 D.

553 770 951 814 COROLL.
1024 785 1066 814 1.

279 849 318 898 5.
355 867 424 895 22.
463 853 568 896 Cum
601 867 785 896 numerus
818 856 981 897 acierum
1016 856 1151 898 faustus
1184 859 1255 900 efliz
1281 871 1460 915 nequeat,

156 920 396 975 perspicuum
430 919 482 960 est
505 951 515 971 ,
546 932 752 960 numerum
789 921 972 960 omnium
1007 921 1168 963 laterum
1191 923 1257 964 vel
1282 927 1462 967 omnium

156 984 379 1037 angulorum
422 984 620 1036 phmorum
661 983 809 1036 semper
849 998 984 1037 parem
1027 986 1099 1027 effe
1133 988 1302 1043 debere3
1337 989 1457 1030 huius-

159 1059 233 1100 que
275 1047 422 1086 numcri
461 1045 609 1086 seminis
647 1046 752 1085 dabit
792 1060 999 1088 numerum
1040 1051 1207 1091 acierum
1232 1082 1244 1096 ,
1286 1066 1381 1104 quae
1424 1055 1463 1094 in

156 1110 308 1151 ambitu
340 1108 443 1149 solidi
477 1108 830 1163 deprehenduntur.

554 1211 950 1254 COROLL.
1022 1225 1062 1252 2.

289 1295 324 1344 §-
362 1306 433 1344 23.
471 1290 510 1334 Si
545 1294 657 1348 igitur
688 1305 824 1334 omnes
858 1293 994 1334 hedme
1012 1293 1205 1334 ambitum
1227 1293 1330 1336 solidi
1350 1299 1467 1341 cuius»

164 1360 269 1414 piam
304 1359 571 1398 constituentes
605 1357 740 1398 fuerint
774 1359 982 1411 trmngula,
1017 1371 1150 1399 earum
1187 1372 1363 1402 numerus
1398 1376 1468 1403 ηε(

163 1422 316 1463 cessario
350 1424 423 1462 erit
457 1436 559 1477 par3
596 1421 622 1462 s1
657 1423 763 1462 enim
799 1434 976 1462 numerus
995 1421 1128 1464 harum
1152 1423 1354 1465 hedmrum
1379 1427 1467 1467 esset

161 1488 288 1540 impar
316 1518 326 1537 ,
353 1497 435 1526 tum
485 1488 603 1526 etiam
647 1498 821 1527 numerus
858 1486 1083 1539 angulorum
1121 1487 1324 1540 planorum
1374 1491 1468 1531 effet

161 1551 429 1603 impar3qu0d
478 1551 627 1590 euenire
675 1563 752 1590 non
801 1550 938 1604 potest.
1011 1549 1119 1590 Idem
1164 1553 1371 1593 tenendum
1415 1556 1468 1596 est

165 1615 214 1654 de
246 1613 372 1653 hedris
405 1614 583 1654 omnibus
603 1646 612 1664 ,
647 1627 740 1668 quac
774 1614 852 1655 sunt
887 1615 1082 1668 polygona
1118 1617 1330 1668 imparium
1372 1618 1469 1658 late-

164 1691 247 1719 tum
273 1691 284 1729 3
329 1677 465 1717 scilicet
499 1678 525 1719 s1
566 1678 726 1732 smgulac
744 1679 880 1720 hedme
898 1677 1038 1719 fuerint
1058 1679 1120 1719 vel
1148 1680 1331 1731 triangula
1353 1714 1364 1733 ,
1404 1681 1468 1722 vel

169 1752 388 1797 pentagona
408 1774 419 1793 ,
452 1743 516 1782 vel
549 1743 766 1798 heptagona
785 1776 797 1797 ‚
831 1742 896 1784 vel
917 1753 990 1783 etc.
1027 1755 1155 1785 earum
1174 1756 1352 1785 numerus
1371 1744 1471 1786 scm·

168 1819 238 1861 per
269 1805 379 1846 debet
409 1804 486 1846 effe
518 1819 598 1862 par.

567 1935 963 1981 CORO‘LL.
1037 1950 1077 1988 3.

288 2041 324 2089 ξ.
382 2053 453 2091 24.
507 2036 549 2081 Si
591 2041 688 2084 inter
722 2044 854 2086 hedras
891 2047 1080 2087 ambitum
1120 2045 1224 2088 solidi
1263 2044 1470 2099 cuiuspiam

173 2103 435 2146 constituentes
466 2117 642 2147 numerus
671 2120 800 2150 carum
832 2142 842 2160 ,
874 2123 969 2164 quae
1001 2111 1084 2153 sunt
1124 2112 1189 2153 vel
1224 2121 1442 2164 tetragonae
1461 2141 1470 2157 ,

809 2172 837 2212 P
876 2186 898 2210 2
1407 2171 1467 2210 vel
